<?xml version="1.0" encoding="UTF-8"?>
<!DOCTYPE html PUBLIC "-//W3C//DTD XHTML 1.0 Transitional//EN"
    "http://www.w3.org/TR/xhtml1/DTD/xhtml1-transitional.dtd">
<html xmlns="http://www.w3.org/1999/xhtml" xml:lang="en" lang="en">
 <head>
  <title>
</title>
<meta http-equiv="Content-Type" content="text/html;charset=utf-8" />
  <meta name='ocr-system' content='tesseract 3.04.00' />
  <meta name='ocr-capabilities' content='ocr_page ocr_carea ocr_par ocr_line ocrx_word'/>
</head>
<body>
  <div class='ocr_page' id='page_1' title='image "4737895_0019.png"; bbox 0 0 1896 3179; ppageno 0'>
   <div class='ocr_carea' id='block_1_1' title="bbox 165 270 1731 2805">
    <p class='ocr_par' dir='ltr' id='par_1_1' title="bbox 165 270 1727 372">
     <span class='ocr_line' id='line_1_1' title="bbox 167 270 1727 317; baseline -0.002 -10"><span class='ocrx_word' id='word_1_1' title='bbox 167 283 187 307; x_wconf 90' lang='lat' dir='ltr'><strong>e</strong></span> <span class='ocrx_word' id='word_1_2' title='bbox 216 272 328 307; x_wconf 88' lang='lat' dir='ltr'><strong>verbo</strong></span> <span class='ocrx_word' id='word_1_3' title='bbox 358 271 519 316; x_wconf 90' lang='lat' dir='ltr'><strong>quodam</strong></span> <span class='ocrx_word' id='word_1_4' title='bbox 539 272 693 307; x_wconf 87' lang='lat' dir='ltr'><strong>alterum</strong></span> <span class='ocrx_word' id='word_1_5' title='bbox 707 273 868 314; x_wconf 87' lang='lat' dir='ltr'><strong>verbum,</strong></span> <span class='ocrx_word' id='word_1_6' title='bbox 892 273 951 308; x_wconf 91' lang='lat' dir='ltr'><strong>cui</strong></span> <span class='ocrx_word' id='word_1_7' title='bbox 971 273 1068 308; x_wconf 89' lang='lat' dir='ltr'><strong>inest</strong></span> <span class='ocrx_word' id='word_1_8' title='bbox 1087 272 1218 308; x_wconf 90' lang='lat' dir='ltr'><strong>similis</strong></span> <span class='ocrx_word' id='word_1_9' title='bbox 1238 272 1354 313; x_wconf 81' lang='lat' dir='ltr'><strong>notio,</strong></span> <span class='ocrx_word' id='word_1_10' title='bbox 1377 271 1582 317; x_wconf 78' lang='lat' dir='ltr'><strong>suppletur,</strong></span> <span class='ocrx_word' id='word_1_11' title='bbox 1605 270 1727 304; x_wconf 88' lang='lat' dir='ltr'><strong>dicam</strong></span> 
     </span>
     <span class='ocr_line' id='line_1_2' title="bbox 165 323 430 372; baseline 0 -12"><span class='ocrx_word' id='word_1_12' title='bbox 165 325 262 360; x_wconf 81' lang='lat' dir='ltr'><strong>infra</strong></span> <span class='ocrx_word' id='word_1_13' title='bbox 291 323 336 370; x_wconf 80' lang='lat' dir='ltr'><strong>(p.</strong></span> <span class='ocrx_word' id='word_1_14' title='bbox 356 325 430 372; x_wconf 87' lang='grc'><strong>94).</strong></span> 
     </span>
    </p>

    <p class='ocr_par' dir='ltr' id='par_1_2' title="bbox 165 378 1728 1075">
     <span class='ocr_line' id='line_1_3' title="bbox 301 378 1728 426; baseline -0.001 -12"><span class='ocrx_word' id='word_1_15' title='bbox 301 379 358 414; x_wconf 94' lang='lat' dir='ltr'><strong>Ad</strong></span> <span class='ocrx_word' id='word_1_16' title='bbox 393 379 597 425; x_wconf 81' lang='lat' dir='ltr'><strong>ellipsin</strong></span> <span class='ocrx_word' id='word_1_17' title='bbox 629 381 767 416; x_wconf 91' lang='lat' dir='ltr'><strong>verbi</strong></span> <span class='ocrx_word' id='word_1_18' title='bbox 802 387 952 422; x_wconf 85' lang='lat' dir='ltr'><strong>‚esse·</strong></span> <span class='ocrx_word' id='word_1_19' title='bbox 975 382 1017 416; x_wconf 92' lang='lat' dir='ltr'><strong>ut</strong></span> <span class='ocrx_word' id='word_1_20' title='bbox 1034 382 1280 422; x_wconf 86' lang='lat' dir='ltr'><strong>transeamus,</strong></span> <span class='ocrx_word' id='word_1_21' title='bbox 1308 380 1522 426; x_wconf 85' lang='lat' dir='ltr'><strong>praesertim</strong></span> <span class='ocrx_word' id='word_1_22' title='bbox 1544 378 1728 414; x_wconf 86' lang='lat' dir='ltr'><strong>sermonis</strong></span> 
     </span>
     <span class='ocr_line' id='line_1_4' title="bbox 165 433 1723 481; baseline -0.001 -13"><span class='ocrx_word' id='word_1_23' title='bbox 165 433 360 469; x_wconf 83' lang='lat' dir='ltr'><strong>familiaris</strong></span> <span class='ocrx_word' id='word_1_24' title='bbox 380 433 565 480; x_wconf 91' lang='lat' dir='ltr'><strong>proprium</strong></span> <span class='ocrx_word' id='word_1_25' title='bbox 584 436 643 469; x_wconf 89' lang='lat' dir='ltr'><strong>est</strong></span> <span class='ocrx_word' id='word_1_26' title='bbox 660 436 812 470; x_wconf 88' lang='lat' dir='ltr'><strong>verbum</strong></span> <span class='ocrx_word' id='word_1_27' title='bbox 834 441 940 477; x_wconf 83' lang='lat' dir='ltr'><strong>‚esse‘</strong></span> <span class='ocrx_word' id='word_1_28' title='bbox 963 436 1165 471; x_wconf 91' lang='lat' dir='ltr'><strong>omittere</strong></span> <span class='ocrx_word' id='word_1_29' title='bbox 1194 435 1308 481; x_wconf 92' lang='lat' dir='ltr'><strong>apud</strong></span> <span class='ocrx_word' id='word_1_30' title='bbox 1336 434 1524 471; x_wconf 89' lang='lat' dir='ltr'><strong>vocabula</strong></span> <span class='ocrx_word' id='word_1_31' title='bbox 1557 433 1723 480; x_wconf 82' lang='lat' dir='ltr'><strong>„potis,</strong></span> 
     </span>
     <span class='ocr_line' id='line_1_5' title="bbox 165 488 1726 535; baseline -0.001 -11"><span class='ocrx_word' id='word_1_32' title='bbox 165 489 267 534; x_wconf 91' lang='lat' dir='ltr'><strong>pote</strong></span> <span class='ocrx_word' id='word_1_33' title='bbox 280 491 310 528; x_wconf 86' lang='lat'><strong>“.</strong></span> <span class='ocrx_word' id='word_1_34' title='bbox 333 488 432 533; x_wconf 89' lang='lat' dir='ltr'><strong>quod</strong></span> <span class='ocrx_word' id='word_1_35' title='bbox 451 488 637 523; x_wconf 86' lang='lat' dir='ltr'><strong>invenitur</strong></span> <span class='ocrx_word' id='word_1_36' title='bbox 656 499 768 534; x_wconf 89' lang='lat' dir='ltr'><strong>saepe</strong></span> <span class='ocrx_word' id='word_1_37' title='bbox 787 490 887 535; x_wconf 90' lang='lat' dir='ltr'><strong>apud</strong></span> <span class='ocrx_word' id='word_1_38' title='bbox 901 492 1033 535; x_wconf 88' lang='lat' dir='ltr'><strong>poetas</strong></span> <span class='ocrx_word' id='word_1_39' title='bbox 1049 492 1209 525; x_wconf 86' lang='lat' dir='ltr'><strong>comicos</strong></span> <span class='ocrx_word' id='word_1_40' title='bbox 1230 492 1267 525; x_wconf 91' lang='lat' dir='ltr'><strong>et</strong></span> <span class='ocrx_word' id='word_1_41' title='bbox 1286 490 1385 535; x_wconf 86' lang='lat' dir='ltr'><strong>apud</strong></span> <span class='ocrx_word' id='word_1_42' title='bbox 1401 489 1601 524; x_wconf 88' lang='lat' dir='ltr'><strong>nonnullos</strong></span> <span class='ocrx_word' id='word_1_43' title='bbox 1617 488 1726 523; x_wconf 88' lang='lat' dir='ltr'><strong>alios.</strong></span> 
     </span>
     <span class='ocr_line' id='line_1_6' title="bbox 170 541 1723 589; baseline -0.001 -11"><span class='ocrx_word' id='word_1_44' title='bbox 170 542 214 578; x_wconf 85' lang='lat' dir='ltr'><strong>cf.</strong></span> <span class='ocrx_word' id='word_1_45' title='bbox 235 541 460 577; x_wconf 85' lang='lat' dir='ltr'><strong>Schmalz</strong></span> <span class='ocrx_word' id='word_1_46' title='bbox 488 552 522 587; x_wconf 92' lang='lat' dir='ltr'><strong>p.</strong></span> <span class='ocrx_word' id='word_1_47' title='bbox 545 542 633 582; x_wconf 90' lang='lat'>215,</span> <span class='ocrx_word' id='word_1_48' title='bbox 659 542 719 583; x_wconf 93' lang='grc'><strong>10,</strong></span> <span class='ocrx_word' id='word_1_49' title='bbox 751 543 815 588; x_wconf 92' lang='lat' dir='ltr'><strong>qui</strong></span> <span class='ocrx_word' id='word_1_50' title='bbox 843 543 1011 589; x_wconf 87' lang='lat' dir='ltr'><strong>exempla</strong></span> <span class='ocrx_word' id='word_1_51' title='bbox 1038 543 1176 589; x_wconf 77' lang='lat' dir='ltr'><strong>profert</strong></span> <span class='ocrx_word' id='word_1_52' title='bbox 1203 555 1223 579; x_wconf 91' lang='lat' dir='ltr'><strong>e</strong></span> <span class='ocrx_word' id='word_1_53' title='bbox 1253 543 1409 585; x_wconf 83' lang='lat' dir='ltr'><strong>Catullo,</strong></span> <span class='ocrx_word' id='word_1_54' title='bbox 1442 543 1513 578; x_wconf 89' lang='lat' dir='ltr'><strong>Cic.</strong></span> <span class='ocrx_word' id='word_1_55' title='bbox 1534 553 1615 588; x_wconf 86' lang='lat' dir='ltr'><strong>epp.</strong></span> <span class='ocrx_word' id='word_1_56' title='bbox 1637 541 1723 588; x_wconf 89' lang='lat' dir='ltr'><strong>(Att.</strong></span> 
     </span>
     <span class='ocr_line' id='line_1_7' title="bbox 167 595 1723 645; baseline 0.001 -14"><span class='ocrx_word' id='word_1_57' title='bbox 167 597 203 639; x_wconf 80' lang='lat'><strong>4,</strong></span> <span class='ocrx_word' id='word_1_58' title='bbox 229 596 289 645; x_wconf 84' lang='lat'><strong>13,</strong></span> <span class='ocrx_word' id='word_1_59' title='bbox 305 595 353 643; x_wconf 91' lang='lat'><strong>2),</strong></span> <span class='ocrx_word' id='word_1_60' title='bbox 384 597 482 632; x_wconf 83' lang='lat' dir='ltr'><strong>auct.</strong></span> <span class='ocrx_word' id='word_1_61' title='bbox 501 595 584 632; x_wconf 94' lang='lat' dir='ltr'><strong>bell.</strong></span> <span class='ocrx_word' id='word_1_62' title='bbox 604 596 679 632; x_wconf 86' lang='lat' dir='ltr'><strong>Afr.</strong></span> <span class='ocrx_word' id='word_1_63' title='bbox 701 597 776 642; x_wconf 84' lang='lat'><strong>(54,</strong></span> <span class='ocrx_word' id='word_1_64' title='bbox 793 596 847 644; x_wconf 89' lang='lat'><strong>4);</strong></span> <span class='ocrx_word' id='word_1_65' title='bbox 878 598 921 633; x_wconf 90' lang='lat' dir='ltr'><strong>de</strong></span> <span class='ocrx_word' id='word_1_66' title='bbox 941 598 1090 633; x_wconf 90' lang='lat' dir='ltr'><strong>comicis</strong></span> <span class='ocrx_word' id='word_1_67' title='bbox 1110 599 1224 633; x_wconf 86' lang='lat' dir='ltr'><strong>verba</strong></span> <span class='ocrx_word' id='word_1_68' title='bbox 1242 598 1334 633; x_wconf 83' lang='lat' dir='ltr'><strong>facit</strong></span> <span class='ocrx_word' id='word_1_69' title='bbox 1360 598 1472 634; x_wconf 89' lang='lat' dir='ltr'><strong>Drae</strong></span> <span class='ocrx_word' id='word_1_70' title='bbox 1480 609 1555 643; x_wconf 86' lang='lat' dir='ltr'><strong>ger</strong></span> <span class='ocrx_word' id='word_1_71' title='bbox 1571 595 1608 633; x_wconf 72' lang='lat'><strong>1²</strong></span> <span class='ocrx_word' id='word_1_72' title='bbox 1631 597 1723 638; x_wconf 87' lang='lat'>193;</span> 
     </span>
     <span class='ocr_line' id='line_1_8' title="bbox 167 651 1727 696; baseline 0 -11"><span class='ocrx_word' id='word_1_73' title='bbox 167 652 211 685; x_wconf 86' lang='lat' dir='ltr'><strong>de</strong></span> <span class='ocrx_word' id='word_1_74' title='bbox 241 651 462 685; x_wconf 82' lang='lat' dir='ltr'>comicorum</span> <span class='ocrx_word' id='word_1_75' title='bbox 490 653 528 685; x_wconf 91' lang='lat' dir='ltr'><strong>et</strong></span> <span class='ocrx_word' id='word_1_76' title='bbox 553 651 686 695; x_wconf 88' lang='lat' dir='ltr'><strong>Apulei</strong></span> <span class='ocrx_word' id='word_1_77' title='bbox 715 662 787 685; x_wconf 89' lang='lat' dir='ltr'><strong>usu</strong></span> <span class='ocrx_word' id='word_1_78' title='bbox 814 663 849 686; x_wconf 89' lang='lat' dir='ltr'><strong>v.</strong></span> <span class='ocrx_word' id='word_1_79' title='bbox 869 651 992 696; x_wconf 86' lang='lat' dir='ltr'><strong>Leky</strong></span> <span class='ocrx_word' id='word_1_80' title='bbox 1020 663 1054 696; x_wconf 88' lang='lat' dir='ltr'><strong>p.</strong></span> <span class='ocrx_word' id='word_1_81' title='bbox 1076 654 1116 693; x_wconf 72' lang='grc' dir='ltr'><strong>’ῖς</strong></span> <span class='ocrx_word' id='word_1_82' title='bbox 1145 652 1190 686; x_wconf 80' lang='lat' dir='ltr'><strong>cf.</strong></span> <span class='ocrx_word' id='word_1_83' title='bbox 1210 652 1297 686; x_wconf 89' lang='lat' dir='ltr'><strong>Brix</strong></span> <span class='ocrx_word' id='word_1_84' title='bbox 1326 653 1372 686; x_wconf 92' lang='lat' dir='ltr'><strong>ad</strong></span> <span class='ocrx_word' id='word_1_85' title='bbox 1402 653 1497 686; x_wconf 85' lang='lat' dir='ltr'><strong>Trin.</strong></span> <span class='ocrx_word' id='word_1_86' title='bbox 1519 652 1613 693; x_wconf 85' lang='lat'>352;</span> <span class='ocrx_word' id='word_1_87' title='bbox 1642 651 1727 685; x_wconf 81' lang='lat' dir='ltr'><strong>Lor.</strong></span> 
     </span>
     <span class='ocr_line' id='line_1_9' title="bbox 166 703 1725 752; baseline -0.001 -10"><span class='ocrx_word' id='word_1_88' title='bbox 166 704 215 742; x_wconf 83' lang='lat' dir='ltr'><strong>ad</strong></span> <span class='ocrx_word' id='word_1_89' title='bbox 242 704 376 740; x_wconf 82' lang='lat' dir='ltr'><strong>Pseud.</strong></span> <span class='ocrx_word' id='word_1_90' title='bbox 398 704 493 747; x_wconf 86' lang='lat'><strong>229;</strong></span> <span class='ocrx_word' id='word_1_91' title='bbox 533 704 577 740; x_wconf 91' lang='lat' dir='ltr'><strong>de</strong></span> <span class='ocrx_word' id='word_1_92' title='bbox 604 703 751 740; x_wconf 82' lang='lat' dir='ltr'><strong>Lucreti</strong></span> <span class='ocrx_word' id='word_1_93' title='bbox 779 716 852 740; x_wconf 88' lang='lat' dir='ltr'><strong>usu</strong></span> <span class='ocrx_word' id='word_1_94' title='bbox 880 717 915 741; x_wconf 91' lang='lat' dir='ltr'><strong>v.</strong></span> <span class='ocrx_word' id='word_1_95' title='bbox 935 705 1127 747; x_wconf 86' lang='lat' dir='ltr'><strong>Holtze,</strong></span> <span class='ocrx_word' id='word_1_96' title='bbox 1159 706 1331 752; x_wconf 84' lang='lat' dir='ltr'><strong>syntaxis</strong></span> <span class='ocrx_word' id='word_1_97' title='bbox 1359 706 1500 742; x_wconf 83' lang='lat' dir='ltr'><strong>Lucret.</strong></span> <span class='ocrx_word' id='word_1_98' title='bbox 1520 706 1593 748; x_wconf 91' lang='lat' dir='ltr'><strong>lin.,</strong></span> <span class='ocrx_word' id='word_1_99' title='bbox 1623 705 1725 752; x_wconf 81' lang='lat' dir='ltr'><strong>Lips.</strong></span> 
     </span>
     <span class='ocr_line' id='line_1_10' title="bbox 172 759 1723 805; baseline -0.001 -11"><span class='ocrx_word' id='word_1_100' title='bbox 172 759 285 800; x_wconf 87' lang='grc'>1886,</span> <span class='ocrx_word' id='word_1_101' title='bbox 322 770 356 804; x_wconf 89' lang='lat' dir='ltr'><strong>p.</strong></span> <span class='ocrx_word' id='word_1_102' title='bbox 381 759 473 800; x_wconf 76' lang='lat'><strong>1153</strong></span> <span class='ocrx_word' id='word_1_103' title='bbox 516 759 560 793; x_wconf 92' lang='lat' dir='ltr'><strong>de</strong></span> <span class='ocrx_word' id='word_1_104' title='bbox 597 759 732 793; x_wconf 89' lang='lat' dir='ltr'><strong>Catulli</strong></span> <span class='ocrx_word' id='word_1_105' title='bbox 765 770 855 795; x_wconf 89' lang='lat' dir='ltr'><strong>usu:</strong></span> <span class='ocrx_word' id='word_1_106' title='bbox 896 760 1098 801; x_wconf 87' lang='lat' dir='ltr'><strong>Winter,</strong></span> <span class='ocrx_word' id='word_1_107' title='bbox 1136 760 1180 794; x_wconf 92' lang='lat' dir='ltr'><strong>de</strong></span> <span class='ocrx_word' id='word_1_108' title='bbox 1214 760 1333 804; x_wconf 90' lang='lat' dir='ltr'><strong>ellipsi</strong></span> <span class='ocrx_word' id='word_1_109' title='bbox 1367 761 1468 795; x_wconf 89' lang='lat' dir='ltr'><strong>verbi</strong></span> <span class='ocrx_word' id='word_1_110' title='bbox 1502 771 1584 795; x_wconf 90' lang='lat' dir='ltr'><strong>esse</strong></span> <span class='ocrx_word' id='word_1_111' title='bbox 1622 760 1723 805; x_wconf 88' lang='lat' dir='ltr'><strong>apud</strong></span> 
     </span>
     <span class='ocr_line' id='line_1_11' title="bbox 168 812 1725 859; baseline 0.001 -12"><span class='ocrx_word' id='word_1_112' title='bbox 168 812 364 853; x_wconf 87' lang='lat' dir='ltr'><strong>Catullum,</strong></span> <span class='ocrx_word' id='word_1_113' title='bbox 395 813 605 858; x_wconf 84' lang='lat' dir='ltr'><strong>Vergilium,</strong></span> <span class='ocrx_word' id='word_1_114' title='bbox 637 812 817 854; x_wconf 88' lang='lat' dir='ltr'><strong>Ovidium,</strong></span> <span class='ocrx_word' id='word_1_115' title='bbox 848 814 1019 855; x_wconf 87' lang='lat' dir='ltr'><strong>Statium,</strong></span> <span class='ocrx_word' id='word_1_116' title='bbox 1051 813 1263 848; x_wconf 82' lang='lat' dir='ltr'><strong>Iuvenalem</strong></span> <span class='ocrx_word' id='word_1_117' title='bbox 1288 814 1400 848; x_wconf 84' lang='lat' dir='ltr'><strong>obvia</strong></span> <span class='ocrx_word' id='word_1_118' title='bbox 1428 825 1532 859; x_wconf 86' lang='lat' dir='ltr'><strong>capp.</strong></span> <span class='ocrx_word' id='word_1_119' title='bbox 1551 814 1592 855; x_wconf 91' lang='grc' dir='ltr'>Π,</span> <span class='ocrx_word' id='word_1_120' title='bbox 1632 814 1725 850; x_wconf 86' lang='lat' dir='ltr'><strong>diss.</strong></span> 
     </span>
     <span class='ocr_line' id='line_1_12' title="bbox 166 866 1723 913; baseline 0 -11"><span class='ocrx_word' id='word_1_121' title='bbox 166 867 281 912; x_wconf 89' lang='lat' dir='ltr'><strong>Marp.</strong></span> <span class='ocrx_word' id='word_1_122' title='bbox 307 867 420 908; x_wconf 81' lang='grc'>1907,</span> <span class='ocrx_word' id='word_1_123' title='bbox 451 878 485 912; x_wconf 93' lang='lat' dir='ltr'><strong>p.</strong></span> <span class='ocrx_word' id='word_1_124' title='bbox 507 868 529 903; x_wconf 82' lang='lat'><strong>7</strong></span> <span class='ocrx_word' id='word_1_125' title='bbox 561 866 672 913; x_wconf 93' lang='lat' dir='ltr'><strong>(quod</strong></span> <span class='ocrx_word' id='word_1_126' title='bbox 703 878 797 912; x_wconf 86' lang='lat' dir='ltr'><strong>opus</strong></span> <span class='ocrx_word' id='word_1_127' title='bbox 825 867 864 902; x_wconf 91' lang='lat' dir='ltr'><strong>in</strong></span> <span class='ocrx_word' id='word_1_128' title='bbox 891 867 1095 902; x_wconf 87' lang='lat' dir='ltr'><strong>tractanda.</strong></span> <span class='ocrx_word' id='word_1_129' title='bbox 1117 867 1236 912; x_wconf 92' lang='lat' dir='ltr'><strong>ellipsi</strong></span> <span class='ocrx_word' id='word_1_130' title='bbox 1255 868 1357 902; x_wconf 91' lang='lat' dir='ltr'><strong>verbi</strong></span> <span class='ocrx_word' id='word_1_131' title='bbox 1376 879 1485 902; x_wconf 92' lang='lat' dir='ltr'><strong>esse</strong></span> <span class='ocrx_word' id='word_1_132' title='bbox 1504 869 1542 902; x_wconf 94' lang='lat' dir='ltr'><strong>in</strong></span> <span class='ocrx_word' id='word_1_133' title='bbox 1562 868 1723 912; x_wconf 90' lang='lat' dir='ltr'><strong>disposi-</strong></span> 
     </span>
     <span class='ocr_line' id='line_1_13' title="bbox 171 920 1724 968; baseline 0.001 -13"><span class='ocrx_word' id='word_1_134' title='bbox 171 921 274 956; x_wconf 88' lang='lat' dir='ltr'><strong>tione</strong></span> <span class='ocrx_word' id='word_1_135' title='bbox 310 921 386 955; x_wconf 84' lang='lat' dir='ltr'><strong>fere</strong></span> <span class='ocrx_word' id='word_1_136' title='bbox 424 922 576 956; x_wconf 89' lang='lat' dir='ltr'><strong>secutus</strong></span> <span class='ocrx_word' id='word_1_137' title='bbox 607 921 712 968; x_wconf 89' lang='lat' dir='ltr'><strong>sum).</strong></span> <span class='ocrx_word' id='word_1_138' title='bbox 768 921 797 955; x_wconf 86' lang='lat' dir='ltr'>E</span> <span class='ocrx_word' id='word_1_139' title='bbox 824 921 1014 966; x_wconf 86' lang='lat' dir='ltr'><strong>Propertio</strong></span> <span class='ocrx_word' id='word_1_140' title='bbox 1043 920 1209 956; x_wconf 89' lang='lat' dir='ltr'><strong>notanda</strong></span> <span class='ocrx_word' id='word_1_141' title='bbox 1237 921 1398 966; x_wconf 83' lang='lat' dir='ltr'><strong>profero:</strong></span> <span class='ocrx_word' id='word_1_142' title='bbox 1428 921 1459 955; x_wconf 90' lang='grc' dir='ltr'><strong>ΙΙ</strong></span> <span class='ocrx_word' id='word_1_143' title='bbox 1483 922 1515 963; x_wconf 92' lang='grc'><strong>1,</strong></span> <span class='ocrx_word' id='word_1_144' title='bbox 1537 921 1605 956; x_wconf 83' lang='grc'><strong>46;</strong></span> <span class='ocrx_word' id='word_1_145' title='bbox 1648 932 1724 967; x_wconf 85' lang='lat' dir='ltr'><strong>qua</strong></span> 
     </span>
     <span class='ocr_line' id='line_1_14' title="bbox 169 975 1724 1020; baseline 0.001 -11"><span class='ocrx_word' id='word_1_146' title='bbox 169 976 255 1020; x_wconf 87' lang='lat' dir='ltr'><strong>pote</strong></span> <span class='ocrx_word' id='word_1_147' title='bbox 283 975 451 1020; x_wconf 89' lang='lat' dir='ltr'><strong>quisque,</strong></span> <span class='ocrx_word' id='word_1_148' title='bbox 482 975 521 1010; x_wconf 92' lang='lat' dir='ltr'><strong>in</strong></span> <span class='ocrx_word' id='word_1_149' title='bbox 550 986 595 1010; x_wconf 92' lang='lat' dir='ltr'><strong>ea</strong></span> <span class='ocrx_word' id='word_1_150' title='bbox 623 977 792 1010; x_wconf 87' lang='lat' dir='ltr'><strong>conterat</strong></span> <span class='ocrx_word' id='word_1_151' title='bbox 818 977 897 1010; x_wconf 85' lang='lat' dir='ltr'><strong>arte</strong></span> <span class='ocrx_word' id='word_1_152' title='bbox 926 975 1031 1012; x_wconf 90' lang='lat' dir='ltr'><strong>diem.</strong></span> <span class='ocrx_word' id='word_1_153' title='bbox 1069 975 1119 1010; x_wconf 95' lang='lat' dir='ltr'><strong>III</strong></span> <span class='ocrx_word' id='word_1_154' title='bbox 1140 976 1174 1017; x_wconf 77' lang='lat'><strong>7,</strong></span> <span class='ocrx_word' id='word_1_155' title='bbox 1198 975 1237 1010; x_wconf 88' lang='lat'><strong>9:</strong></span> <span class='ocrx_word' id='word_1_156' title='bbox 1267 977 1304 1010; x_wconf 92' lang='lat' dir='ltr'><strong>et</strong></span> <span class='ocrx_word' id='word_1_157' title='bbox 1322 977 1437 1010; x_wconf 88' lang='lat' dir='ltr'><strong>mater</strong></span> <span class='ocrx_word' id='word_1_158' title='bbox 1456 986 1530 1010; x_wconf 90' lang='lat' dir='ltr'><strong>non</strong></span> <span class='ocrx_word' id='word_1_159' title='bbox 1550 1002 1557 1010; x_wconf 93' lang='lat'><strong>.</strong></span> <span class='ocrx_word' id='word_1_160' title='bbox 1579 1003 1586 1010; x_wconf 94' lang='lat'><strong>.</strong></span> <span class='ocrx_word' id='word_1_161' title='bbox 1607 1002 1616 1010; x_wconf 90' lang='lat'><strong>.</strong></span> <span class='ocrx_word' id='word_1_162' title='bbox 1636 976 1724 1010; x_wconf 88' lang='lat' dir='ltr'><strong>dare</strong></span> 
     </span>
     <span class='ocr_line' id='line_1_15' title="bbox 168 1029 797 1075; baseline 0 -11"><span class='ocrx_word' id='word_1_163' title='bbox 168 1039 322 1064; x_wconf 92' lang='lat' dir='ltr'><strong>...nec</strong></span> <span class='ocrx_word' id='word_1_164' title='bbox 350 1031 532 1075; x_wconf 89' lang='lat' dir='ltr'><strong>pote</strong></span> <span class='ocrx_word' id='word_1_165' title='bbox 560 1029 797 1065; x_wconf 86' lang='lat' dir='ltr'><strong>humare...</strong></span> 
     </span>
    </p>

    <p class='ocr_par' dir='ltr' id='par_1_3' title="bbox 165 1081 1731 2321">
     <span class='ocr_line' id='line_1_16' title="bbox 303 1081 1723 1132; baseline 0.001 -14"><span class='ocrx_word' id='word_1_166' title='bbox 303 1083 375 1118; x_wconf 88' lang='lat' dir='ltr'><strong>Sed</strong></span> <span class='ocrx_word' id='word_1_167' title='bbox 403 1084 477 1118; x_wconf 89' lang='lat' dir='ltr'><strong>iam</strong></span> <span class='ocrx_word' id='word_1_168' title='bbox 504 1083 820 1128; x_wconf 82' lang='lat' dir='ltr'><strong>transgrediamur</strong></span> <span class='ocrx_word' id='word_1_169' title='bbox 851 1084 900 1119; x_wconf 89' lang='lat' dir='ltr'><strong>ad</strong></span> <span class='ocrx_word' id='word_1_170' title='bbox 926 1084 1107 1130; x_wconf 92' lang='lat' dir='ltr'><strong>reliquum</strong></span> <span class='ocrx_word' id='word_1_171' title='bbox 1136 1083 1278 1129; x_wconf 88' lang='lat' dir='ltr'><strong>ellipsis</strong></span> <span class='ocrx_word' id='word_1_172' title='bbox 1306 1084 1408 1119; x_wconf 87' lang='lat' dir='ltr'><strong>verbi</strong></span> <span class='ocrx_word' id='word_1_173' title='bbox 1440 1081 1570 1132; x_wconf 88' lang='lat' dir='ltr'><strong>„esse“</strong></span> <span class='ocrx_word' id='word_1_174' title='bbox 1602 1094 1723 1123; x_wconf 87' lang='lat' dir='ltr'><strong>usum,</strong></span> 
     </span>
     <span class='ocr_line' id='line_1_17' title="bbox 166 1137 1726 1183; baseline -0.001 -11"><span class='ocrx_word' id='word_1_175' title='bbox 166 1148 264 1182; x_wconf 86' lang='lat' dir='ltr'><strong>quae</strong></span> <span class='ocrx_word' id='word_1_176' title='bbox 316 1148 390 1172; x_wconf 90' lang='lat' dir='ltr'><strong>non</strong></span> <span class='ocrx_word' id='word_1_177' title='bbox 435 1139 512 1172; x_wconf 85' lang='lat' dir='ltr'><strong>tam</strong></span> <span class='ocrx_word' id='word_1_178' title='bbox 559 1148 670 1183; x_wconf 82' lang='lat' dir='ltr'><strong>saepe</strong></span> <span class='ocrx_word' id='word_1_179' title='bbox 717 1138 921 1180; x_wconf 90' lang='lat' dir='ltr'><strong>invenitur,</strong></span> <span class='ocrx_word' id='word_1_180' title='bbox 984 1149 1095 1183; x_wconf 86' lang='lat' dir='ltr'><strong>quam</strong></span> <span class='ocrx_word' id='word_1_181' title='bbox 1142 1137 1286 1183; x_wconf 89' lang='lat' dir='ltr'><strong>plurimi</strong></span> <span class='ocrx_word' id='word_1_182' title='bbox 1342 1149 1454 1183; x_wconf 85' lang='lat' dir='ltr'><strong>saepe</strong></span> <span class='ocrx_word' id='word_1_183' title='bbox 1500 1140 1726 1183; x_wconf 86' lang='lat' dir='ltr'><strong>putaverunt</strong></span> 
     </span>
     <span class='ocr_line' id='line_1_18' title="bbox 167 1191 1726 1238; baseline 0 -12"><span class='ocrx_word' id='word_1_184' title='bbox 167 1191 225 1238; x_wconf 78' lang='lat' dir='ltr'><strong>(cf.</strong></span> <span class='ocrx_word' id='word_1_185' title='bbox 245 1191 448 1227; x_wconf 89' lang='lat' dir='ltr'><strong>Schmalz</strong></span> <span class='ocrx_word' id='word_1_186' title='bbox 477 1203 511 1237; x_wconf 89' lang='lat' dir='ltr'><strong>p.</strong></span> <span class='ocrx_word' id='word_1_187' title='bbox 532 1192 622 1233; x_wconf 87' lang='lat'>215,</span> <span class='ocrx_word' id='word_1_188' title='bbox 648 1191 720 1238; x_wconf 88' lang='lat'><strong>10).</strong></span> <span class='ocrx_word' id='word_1_189' title='bbox 775 1192 829 1227; x_wconf 88' lang='lat' dir='ltr'><strong>De</strong></span> <span class='ocrx_word' id='word_1_190' title='bbox 858 1192 1087 1227; x_wconf 88' lang='lat' dir='ltr'><strong>comicorum.</strong></span> <span class='ocrx_word' id='word_1_191' title='bbox 1108 1194 1146 1227; x_wconf 88' lang='lat' dir='ltr'><strong>et</strong></span> <span class='ocrx_word' id='word_1_192' title='bbox 1171 1192 1303 1237; x_wconf 86' lang='lat' dir='ltr'><strong>Apulei</strong></span> <span class='ocrx_word' id='word_1_193' title='bbox 1331 1203 1404 1227; x_wconf 92' lang='lat' dir='ltr'><strong>usu</strong></span> <span class='ocrx_word' id='word_1_194' title='bbox 1434 1192 1477 1227; x_wconf 79' lang='lat' dir='ltr'><strong>cf.</strong></span> <span class='ocrx_word' id='word_1_195' title='bbox 1497 1192 1613 1237; x_wconf 92' lang='lat' dir='ltr'><strong>Leky</strong></span> <span class='ocrx_word' id='word_1_196' title='bbox 1632 1203 1665 1236; x_wconf 93' lang='lat' dir='ltr'><strong>p.</strong></span> <span class='ocrx_word' id='word_1_197' title='bbox 1687 1191 1726 1227; x_wconf 86' lang='lat'><strong>8.</strong></span> 
     </span>
     <span class='ocr_line' id='line_1_19' title="bbox 166 1243 1727 1294; baseline 0 -14"><span class='ocrx_word' id='word_1_198' title='bbox 166 1246 291 1291; x_wconf 87' lang='lat' dir='ltr'><strong>Atque</strong></span> <span class='ocrx_word' id='word_1_199' title='bbox 319 1245 474 1291; x_wconf 90' lang='lat' dir='ltr'><strong>primum</strong></span> <span class='ocrx_word' id='word_1_200' title='bbox 513 1246 658 1291; x_wconf 91' lang='lat' dir='ltr'><strong>quidem</strong></span> <span class='ocrx_word' id='word_1_201' title='bbox 693 1246 812 1281; x_wconf 91' lang='lat' dir='ltr'><strong>dicam</strong></span> <span class='ocrx_word' id='word_1_202' title='bbox 852 1246 896 1281; x_wconf 91' lang='lat' dir='ltr'><strong>de</strong></span> <span class='ocrx_word' id='word_1_203' title='bbox 934 1245 1086 1291; x_wconf 89' lang='lat' dir='ltr'><strong>ellipsi</strong></span> <span class='ocrx_word' id='word_1_204' title='bbox 1114 1246 1358 1281; x_wconf 85' lang='lat' dir='ltr'><strong>indicativi</strong></span> <span class='ocrx_word' id='word_1_205' title='bbox 1386 1246 1511 1281; x_wconf 84' lang='lat' dir='ltr'><strong>verbi</strong></span> <span class='ocrx_word' id='word_1_206' title='bbox 1549 1243 1727 1294; x_wconf 74' lang='lat' dir='ltr'><strong>„esse“.</strong></span> 
     </span>
     <span class='ocr_line' id='line_1_20' title="bbox 167 1297 1719 1348; baseline 0 -14"><span class='ocrx_word' id='word_1_207' title='bbox 167 1299 317 1345; x_wconf 86' lang='lat' dir='ltr'><strong>Ellipsis</strong></span> <span class='ocrx_word' id='word_1_208' title='bbox 345 1300 539 1335; x_wconf 88' lang='lat' dir='ltr'><strong>verborum</strong></span> <span class='ocrx_word' id='word_1_209' title='bbox 582 1302 674 1348; x_wconf 87' lang='lat' dir='ltr'><strong>„est,</strong></span> <span class='ocrx_word' id='word_1_210' title='bbox 715 1297 824 1335; x_wconf 90' lang='lat' dir='ltr'><strong>sunt“</strong></span> <span class='ocrx_word' id='word_1_211' title='bbox 856 1300 968 1335; x_wconf 87' lang='lat' dir='ltr'><strong>etiam</strong></span> <span class='ocrx_word' id='word_1_212' title='bbox 995 1300 1094 1345; x_wconf 83' lang='lat' dir='ltr'><strong>apud</strong></span> <span class='ocrx_word' id='word_1_213' title='bbox 1126 1300 1334 1335; x_wconf 89' lang='lat' dir='ltr'><strong>Ciceronem</strong></span> <span class='ocrx_word' id='word_1_214' title='bbox 1362 1300 1557 1341; x_wconf 86' lang='lat' dir='ltr'><strong>invenitur,</strong></span> <span class='ocrx_word' id='word_1_215' title='bbox 1589 1310 1719 1345; x_wconf 82' lang='lat' dir='ltr'><strong>quam-</strong></span> 
     </span>
     <span class='ocr_line' id='line_1_21' title="bbox 167 1353 1705 1400; baseline -0.001 -11"><span class='ocrx_word' id='word_1_216' title='bbox 167 1364 277 1400; x_wconf 91' lang='lat' dir='ltr'><strong>quam</strong></span> <span class='ocrx_word' id='word_1_217' title='bbox 307 1354 521 1399; x_wconf 86' lang='lat' dir='ltr'><strong>praesertim</strong></span> <span class='ocrx_word' id='word_1_218' title='bbox 540 1354 579 1388; x_wconf 92' lang='lat' dir='ltr'><strong>in</strong></span> <span class='ocrx_word' id='word_1_219' title='bbox 597 1354 792 1389; x_wconf 88' lang='lat' dir='ltr'><strong>sententiis</strong></span> <span class='ocrx_word' id='word_1_220' title='bbox 812 1354 1065 1389; x_wconf 81' lang='lat' dir='ltr'><strong>subordinatis</strong></span> <span class='ocrx_word' id='word_1_221' title='bbox 1085 1364 1158 1389; x_wconf 92' lang='lat' dir='ltr'><strong>non</strong></span> <span class='ocrx_word' id='word_1_222' title='bbox 1178 1354 1354 1399; x_wconf 88' lang='lat' dir='ltr'><strong>gravibus</strong></span> <span class='ocrx_word' id='word_1_223' title='bbox 1375 1353 1569 1399; x_wconf 91' lang='lat' dir='ltr'><strong>ellipsibus</strong></span> <span class='ocrx_word' id='word_1_224' title='bbox 1589 1354 1705 1388; x_wconf 86' lang='lat' dir='ltr'><strong>utitur</strong></span> 
     </span>
     <span class='ocr_line' id='line_1_22' title="bbox 165 1407 1718 1454; baseline 0 -11"><span class='ocrx_word' id='word_1_225' title='bbox 165 1408 312 1444; x_wconf 87' lang='lat' dir='ltr'><strong>liberior</strong></span> <span class='ocrx_word' id='word_1_226' title='bbox 339 1419 432 1444; x_wconf 88' lang='lat' dir='ltr'><strong>usus</strong></span> <span class='ocrx_word' id='word_1_227' title='bbox 461 1408 590 1454; x_wconf 89' lang='lat' dir='ltr'><strong>incipit</strong></span> <span class='ocrx_word' id='word_1_228' title='bbox 604 1409 665 1445; x_wconf 49' lang='lat' dir='ltr'><strong>¹ab</strong></span> <span class='ocrx_word' id='word_1_229' title='bbox 679 1408 892 1454; x_wconf 84' lang='lat' dir='ltr'><strong>Augusteae</strong></span> <span class='ocrx_word' id='word_1_230' title='bbox 921 1409 1057 1444; x_wconf 86' lang='lat' dir='ltr'><strong>aetatis</strong></span> <span class='ocrx_word' id='word_1_231' title='bbox 1086 1409 1218 1454; x_wconf 90' lang='lat' dir='ltr'><strong>poetis,</strong></span> <span class='ocrx_word' id='word_1_232' title='bbox 1251 1419 1346 1454; x_wconf 93' lang='lat' dir='ltr'><strong>quos</strong></span> <span class='ocrx_word' id='word_1_233' title='bbox 1375 1410 1418 1443; x_wconf 91' lang='lat' dir='ltr'><strong>ut</strong></span> <span class='ocrx_word' id='word_1_234' title='bbox 1445 1408 1483 1443; x_wconf 93' lang='lat' dir='ltr'><strong>in</strong></span> <span class='ocrx_word' id='word_1_235' title='bbox 1503 1407 1587 1444; x_wconf 84' lang='lat' dir='ltr'><strong>aliis</strong></span> <span class='ocrx_word' id='word_1_236' title='bbox 1607 1409 1718 1443; x_wconf 91' lang='lat' dir='ltr'><strong>rebus</strong></span> 
     </span>
     <span class='ocr_line' id='line_1_23' title="bbox 166 1462 1725 1508; baseline -0.001 -10"><span class='ocrx_word' id='word_1_237' title='bbox 166 1463 267 1498; x_wconf 84' lang='lat' dir='ltr'><strong>haud</strong></span> <span class='ocrx_word' id='word_1_238' title='bbox 306 1463 385 1498; x_wconf 91' lang='lat' dir='ltr'><strong>scio</strong></span> <span class='ocrx_word' id='word_1_239' title='bbox 423 1473 472 1497; x_wconf 98' lang='grc'><strong>311</strong></span> <span class='ocrx_word' id='word_1_240' title='bbox 510 1463 747 1498; x_wconf 89' lang='lat' dir='ltr'><strong>commoverit</strong></span> <span class='ocrx_word' id='word_1_241' title='bbox 783 1464 973 1508; x_wconf 87' lang='lat' dir='ltr'><strong>poetarum</strong></span> <span class='ocrx_word' id='word_1_242' title='bbox 1014 1463 1235 1498; x_wconf 89' lang='lat' dir='ltr'><strong>Graecorum</strong></span> <span class='ocrx_word' id='word_1_243' title='bbox 1273 1463 1442 1504; x_wconf 87' lang='lat' dir='ltr'><strong>imitatio,</strong></span> <span class='ocrx_word' id='word_1_244' title='bbox 1479 1463 1551 1498; x_wconf 87' lang='lat' dir='ltr'><strong>etsi</strong></span> <span class='ocrx_word' id='word_1_245' title='bbox 1578 1462 1725 1497; x_wconf 87' lang='lat' dir='ltr'><strong>initium</strong></span> 
     </span>
     <span class='ocr_line' id='line_1_24' title="bbox 172 1517 1724 1565; baseline -0.001 -13"><span class='ocrx_word' id='word_1_246' title='bbox 172 1517 283 1552; x_wconf 90' lang='lat' dir='ltr'><strong>huius</strong></span> <span class='ocrx_word' id='word_1_247' title='bbox 311 1527 405 1551; x_wconf 88' lang='lat' dir='ltr'><strong>usus</strong></span> <span class='ocrx_word' id='word_1_248' title='bbox 432 1517 638 1552; x_wconf 89' lang='lat' dir='ltr'><strong>Romanum</strong></span> <span class='ocrx_word' id='word_1_249' title='bbox 667 1518 733 1552; x_wconf 90' lang='lat' dir='ltr'><strong>est.</strong></span> <span class='ocrx_word' id='word_1_250' title='bbox 789 1517 843 1551; x_wconf 91' lang='lat' dir='ltr'><strong>Ac</strong></span> <span class='ocrx_word' id='word_1_251' title='bbox 871 1517 1023 1562; x_wconf 88' lang='lat' dir='ltr'><strong>saepius</strong></span> <span class='ocrx_word' id='word_1_252' title='bbox 1050 1517 1190 1552; x_wconf 84' lang='lat' dir='ltr'><strong>formas</strong></span> <span class='ocrx_word' id='word_1_253' title='bbox 1223 1518 1314 1565; x_wconf 88' lang='lat' dir='ltr'><strong>„est,</strong></span> <span class='ocrx_word' id='word_1_254' title='bbox 1351 1519 1467 1552; x_wconf 87' lang='lat' dir='ltr'><strong>sunt“.</strong></span> <span class='ocrx_word' id='word_1_255' title='bbox 1496 1517 1724 1562; x_wconf 89' lang='lat' dir='ltr'><strong>Propertium</strong></span> 
     </span>
     <span class='ocr_line' id='line_1_25' title="bbox 170 1571 1724 1612; baseline 0 -7"><span class='ocrx_word' id='word_1_256' title='bbox 170 1571 336 1606; x_wconf 90' lang='lat' dir='ltr'><strong>omittere</strong></span> <span class='ocrx_word' id='word_1_257' title='bbox 365 1571 414 1605; x_wconf 91' lang='lat' dir='ltr'><strong>in</strong></span> <span class='ocrx_word' id='word_1_258' title='bbox 442 1571 603 1606; x_wconf 86' lang='lat' dir='ltr'><strong>variis</strong></span> <span class='ocrx_word' id='word_1_259' title='bbox 632 1571 853 1606; x_wconf 80' lang='lat' dir='ltr'><strong>formulis</strong></span> <span class='ocrx_word' id='word_1_260' title='bbox 883 1572 1172 1606; x_wconf 89' lang='lat' dir='ltr'><strong>consentaneum</strong></span> <span class='ocrx_word' id='word_1_261' title='bbox 1191 1574 1259 1612; x_wconf 90' lang='lat' dir='ltr'><strong>est,</strong></span> <span class='ocrx_word' id='word_1_262' title='bbox 1291 1573 1347 1605; x_wconf 90' lang='lat' dir='ltr'><strong>ut:</strong></span> <span class='ocrx_word' id='word_1_263' title='bbox 1376 1571 1406 1605; x_wconf 93' lang='grc' dir='ltr'><strong>ΙΙ</strong></span> <span class='ocrx_word' id='word_1_264' title='bbox 1430 1572 1462 1606; x_wconf 92' lang='lat' dir='ltr'><strong>l.</strong></span> <span class='ocrx_word' id='word_1_265' title='bbox 1485 1571 1552 1606; x_wconf 81' lang='lat'><strong>47:</strong></span> <span class='ocrx_word' id='word_1_266' title='bbox 1581 1571 1666 1605; x_wconf 91' lang='lat' dir='ltr'><strong>laus</strong></span> <span class='ocrx_word' id='word_1_267' title='bbox 1685 1571 1724 1605; x_wconf 88' lang='lat' dir='ltr'><strong>in</strong></span> 
     </span>
     <span class='ocr_line' id='line_1_26' title="bbox 168 1624 1727 1668; baseline 0 -9"><span class='ocrx_word' id='word_1_268' title='bbox 168 1635 293 1660; x_wconf 86' lang='lat' dir='ltr'><strong>amore</strong></span> <span class='ocrx_word' id='word_1_269' title='bbox 321 1625 424 1668; x_wconf 85' lang='lat' dir='ltr'><strong>mori,</strong></span> <span class='ocrx_word' id='word_1_270' title='bbox 453 1625 536 1660; x_wconf 92' lang='lat' dir='ltr'><strong>laus</strong></span> <span class='ocrx_word' id='word_1_271' title='bbox 557 1625 674 1660; x_wconf 91' lang='lat' dir='ltr'><strong>altera</strong></span> <span class='ocrx_word' id='word_1_272' title='bbox 693 1625 735 1660; x_wconf 91' lang='lat' dir='ltr'><strong>si.</strong></span> <span class='ocrx_word' id='word_1_273' title='bbox 756 1651 763 1660; x_wconf 91' lang='lat'><strong>.</strong></span> <span class='ocrx_word' id='word_1_274' title='bbox 784 1651 792 1660; x_wconf 87' lang='lat'><strong>.</strong></span> <span class='ocrx_word' id='word_1_275' title='bbox 813 1652 820 1660; x_wconf 92' lang='lat'><strong>.</strong></span> <span class='ocrx_word' id='word_1_276' title='bbox 842 1625 856 1659; x_wconf 94' lang='lat' dir='ltr'>I</span> <span class='ocrx_word' id='word_1_277' title='bbox 880 1625 939 1666; x_wconf 85' lang='lat'><strong>13,</strong></span> <span class='ocrx_word' id='word_1_278' title='bbox 957 1625 1025 1660; x_wconf 87' lang='lat'><strong>29:</strong></span> <span class='ocrx_word' id='word_1_279' title='bbox 1053 1635 1120 1660; x_wconf 88' lang='lat' dir='ltr'><strong>nec</strong></span> <span class='ocrx_word' id='word_1_280' title='bbox 1139 1625 1280 1660; x_wconf 92' lang='lat' dir='ltr'><strong>mirum.</strong></span> <span class='ocrx_word' id='word_1_281' title='bbox 1301 1652 1308 1659; x_wconf 92' lang='lat'><strong>.</strong></span> <span class='ocrx_word' id='word_1_282' title='bbox 1329 1651 1337 1659; x_wconf 92' lang='lat'><strong>.</strong></span> <span class='ocrx_word' id='word_1_283' title='bbox 1358 1651 1366 1659; x_wconf 96' lang='lat'><strong>.</strong></span> <span class='ocrx_word' id='word_1_284' title='bbox 1387 1624 1418 1659; x_wconf 95' lang='lat' dir='ltr'><strong>II</strong></span> <span class='ocrx_word' id='word_1_285' title='bbox 1438 1626 1474 1666; x_wconf 89' lang='lat'><strong>8,</strong></span> <span class='ocrx_word' id='word_1_286' title='bbox 1492 1625 1559 1659; x_wconf 89' lang='lat'><strong>40:</strong></span> <span class='ocrx_word' id='word_1_287' title='bbox 1580 1625 1727 1664; x_wconf 74' lang='lat' dir='ltr'><strong>mirum.</strong></span> 
     </span>
     <span class='ocr_line' id='line_1_27' title="bbox 166 1678 1726 1724; baseline -0.001 -11"><span class='ocrx_word' id='word_1_288' title='bbox 166 1679 227 1713; x_wconf 89' lang='lat' dir='ltr'><strong>si.</strong></span> <span class='ocrx_word' id='word_1_289' title='bbox 249 1705 256 1713; x_wconf 93' lang='lat'><strong>.</strong></span> <span class='ocrx_word' id='word_1_290' title='bbox 278 1689 301 1720; x_wconf 89' lang='lat'><strong>.;</strong></span> <span class='ocrx_word' id='word_1_291' title='bbox 336 1678 386 1713; x_wconf 91' lang='lat' dir='ltr'><strong>IV</strong></span> <span class='ocrx_word' id='word_1_292' title='bbox 404 1679 442 1719; x_wconf 91' lang='lat'><strong>4,</strong></span> <span class='ocrx_word' id='word_1_293' title='bbox 464 1679 528 1714; x_wconf 86' lang='lat'><strong>39:</strong></span> <span class='ocrx_word' id='word_1_294' title='bbox 558 1679 646 1724; x_wconf 91' lang='lat' dir='ltr'><strong>quid</strong></span> <span class='ocrx_word' id='word_1_295' title='bbox 674 1679 802 1713; x_wconf 92' lang='lat' dir='ltr'><strong>mirum</strong></span> <span class='ocrx_word' id='word_1_296' title='bbox 822 1705 830 1713; x_wconf 95' lang='lat'><strong>.</strong></span> <span class='ocrx_word' id='word_1_297' title='bbox 851 1705 858 1713; x_wconf 90' lang='lat'><strong>.</strong></span> <span class='ocrx_word' id='word_1_298' title='bbox 879 1689 902 1719; x_wconf 87' lang='lat'><strong>.;</strong></span> <span class='ocrx_word' id='word_1_299' title='bbox 938 1679 1005 1720; x_wconf 91' lang='lat'><strong>41;</strong></span> <span class='ocrx_word' id='word_1_300' title='bbox 1036 1689 1131 1724; x_wconf 87' lang='lat' dir='ltr'><strong>quae</strong></span> <span class='ocrx_word' id='word_1_301' title='bbox 1158 1678 1319 1713; x_wconf 85' lang='lat' dir='ltr'><strong>formula</strong></span> <span class='ocrx_word' id='word_1_302' title='bbox 1346 1679 1498 1723; x_wconf 90' lang='lat' dir='ltr'><strong>saepius</strong></span> <span class='ocrx_word' id='word_1_303' title='bbox 1527 1680 1585 1713; x_wconf 89' lang='lat' dir='ltr'><strong>est</strong></span> <span class='ocrx_word' id='word_1_304' title='bbox 1612 1678 1726 1723; x_wconf 83' lang='lat' dir='ltr'><strong>apud;</strong></span> 
     </span>
     <span class='ocr_line' id='line_1_28' title="bbox 170 1732 1721 1778; baseline -0.001 -10"><span class='ocrx_word' id='word_1_305' title='bbox 170 1732 302 1773; x_wconf 90' lang='lat' dir='ltr'><strong>Plaut.,</strong></span> <span class='ocrx_word' id='word_1_306' title='bbox 334 1732 424 1774; x_wconf 66' lang='lat' dir='ltr'><strong>Cat„</strong></span> <span class='ocrx_word' id='word_1_307' title='bbox 455 1732 569 1774; x_wconf 90' lang='lat' dir='ltr'><strong>Ovid.,</strong></span> <span class='ocrx_word' id='word_1_308' title='bbox 599 1743 673 1768; x_wconf 93' lang='lat' dir='ltr'><strong>non</strong></span> <span class='ocrx_word' id='word_1_309' title='bbox 703 1733 800 1778; x_wconf 90' lang='lat' dir='ltr'><strong>apud</strong></span> <span class='ocrx_word' id='word_1_310' title='bbox 830 1732 934 1778; x_wconf 87' lang='lat' dir='ltr'><strong>Verg.</strong></span> <span class='ocrx_word' id='word_1_311' title='bbox 953 1733 1076 1769; x_wconf 91' lang='lat' dir='ltr'><strong>Iuven.</strong></span> <span class='ocrx_word' id='word_1_312' title='bbox 1097 1732 1266 1768; x_wconf 85' lang='lat' dir='ltr'><strong>Statium.</strong></span> <span class='ocrx_word' id='word_1_313' title='bbox 1315 1733 1360 1768; x_wconf 89' lang='lat' dir='ltr'><strong>cf.</strong></span> <span class='ocrx_word' id='word_1_314' title='bbox 1379 1732 1551 1768; x_wconf 90' lang='lat' dir='ltr'><strong>Winter</strong></span> <span class='ocrx_word' id='word_1_315' title='bbox 1574 1744 1611 1778; x_wconf 90' lang='lat' dir='ltr'><strong>p.</strong></span> <span class='ocrx_word' id='word_1_316' title='bbox 1633 1734 1656 1768; x_wconf 80' lang='lat'><strong>7</strong></span> <span class='ocrx_word' id='word_1_317' title='bbox 1665 1744 1721 1778; x_wconf 83' lang='lat' dir='ltr'><strong>sq.</strong></span> 
     </span>
     <span class='ocr_line' id='line_1_29' title="bbox 166 1787 1722 1832; baseline 0 -11"><span class='ocrx_word' id='word_1_318' title='bbox 166 1787 216 1821; x_wconf 94' lang='lat' dir='ltr'><strong>IV</strong></span> <span class='ocrx_word' id='word_1_319' title='bbox 235 1787 272 1828; x_wconf 91' lang='lat'><strong>4,</strong></span> <span class='ocrx_word' id='word_1_320' title='bbox 295 1787 361 1822; x_wconf 88' lang='lat'><strong>84:</strong></span> <span class='ocrx_word' id='word_1_321' title='bbox 390 1798 457 1822; x_wconf 89' lang='lat' dir='ltr'><strong>nee</strong></span> <span class='ocrx_word' id='word_1_322' title='bbox 486 1797 598 1828; x_wconf 83' lang='lat' dir='ltr'><strong>mora,</strong></span> <span class='ocrx_word' id='word_1_323' title='bbox 620 1813 628 1822; x_wconf 90' lang='lat'><strong>.</strong></span> <span class='ocrx_word' id='word_1_324' title='bbox 650 1813 657 1821; x_wconf 95' lang='lat'><strong>.</strong></span> <span class='ocrx_word' id='word_1_325' title='bbox 678 1798 701 1828; x_wconf 86' lang='lat'><strong>.;</strong></span> <span class='ocrx_word' id='word_1_326' title='bbox 729 1787 778 1821; x_wconf 94' lang='lat' dir='ltr'><strong>IV</strong></span> <span class='ocrx_word' id='word_1_327' title='bbox 798 1787 833 1828; x_wconf 90' lang='lat'><strong>8,</strong></span> <span class='ocrx_word' id='word_1_328' title='bbox 856 1787 922 1821; x_wconf 89' lang='lat'><strong>51:</strong></span> <span class='ocrx_word' id='word_1_329' title='bbox 951 1797 1018 1821; x_wconf 91' lang='lat' dir='ltr'><strong>nec</strong></span> <span class='ocrx_word' id='word_1_330' title='bbox 1036 1797 1150 1828; x_wconf 90' lang='lat' dir='ltr'><strong>mora,</strong></span> <span class='ocrx_word' id='word_1_331' title='bbox 1173 1813 1180 1821; x_wconf 95' lang='lat'><strong>.</strong></span> <span class='ocrx_word' id='word_1_332' title='bbox 1202 1813 1210 1821; x_wconf 94' lang='lat'><strong>.</strong></span> <span class='ocrx_word' id='word_1_333' title='bbox 1231 1797 1254 1828; x_wconf 90' lang='lat'><strong>.;</strong></span> <span class='ocrx_word' id='word_1_334' title='bbox 1285 1797 1381 1832; x_wconf 91' lang='lat' dir='ltr'><strong>quae</strong></span> <span class='ocrx_word' id='word_1_335' title='bbox 1400 1787 1560 1821; x_wconf 83' lang='lat' dir='ltr'><strong>formula</strong></span> <span class='ocrx_word' id='word_1_336' title='bbox 1579 1787 1722 1821; x_wconf 87' lang='lat' dir='ltr'><strong>inveni-</strong></span> 
     </span>
     <span class='ocr_line' id='line_1_30' title="bbox 165 1840 1723 1887; baseline 0 -12"><span class='ocrx_word' id='word_1_337' title='bbox 165 1843 227 1876; x_wconf 91' lang='lat' dir='ltr'><strong>tur</strong></span> <span class='ocrx_word' id='word_1_338' title='bbox 264 1841 364 1887; x_wconf 87' lang='lat' dir='ltr'><strong>apud</strong></span> <span class='ocrx_word' id='word_1_339' title='bbox 402 1841 516 1886; x_wconf 70' lang='lat' dir='ltr'><strong>Verg..</strong></span> <span class='ocrx_word' id='word_1_340' title='bbox 557 1841 669 1882; x_wconf 91' lang='lat' dir='ltr'><strong>Ovid.,</strong></span> <span class='ocrx_word' id='word_1_341' title='bbox 710 1840 879 1882; x_wconf 86' lang='lat' dir='ltr'><strong>Statium,</strong></span> <span class='ocrx_word' id='word_1_342' title='bbox 919 1851 993 1876; x_wconf 93' lang='lat' dir='ltr'><strong>non</strong></span> <span class='ocrx_word' id='word_1_343' title='bbox 1031 1849 1103 1886; x_wconf 79' lang='lat' dir='ltr'><strong>ap.&#39;</strong></span> <span class='ocrx_word' id='word_1_344' title='bbox 1120 1840 1303 1875; x_wconf 89' lang='lat' dir='ltr'><strong>Catullum</strong></span> <span class='ocrx_word' id='word_1_345' title='bbox 1332 1842 1370 1876; x_wconf 91' lang='lat' dir='ltr'><strong>et</strong></span> <span class='ocrx_word' id='word_1_346' title='bbox 1397 1840 1620 1876; x_wconf 86' lang='lat' dir='ltr'><strong>Iuvenalem.</strong></span> <span class='ocrx_word' id='word_1_347' title='bbox 1678 1841 1723 1876; x_wconf 82' lang='lat' dir='ltr'><strong>cf.</strong></span> 
     </span>
     <span class='ocr_line' id='line_1_31' title="bbox 165 1895 1723 1941; baseline 0.001 -12"><span class='ocrx_word' id='word_1_348' title='bbox 165 1896 350 1930; x_wconf 90' lang='lat' dir='ltr'><strong>Winter</strong></span> <span class='ocrx_word' id='word_1_349' title='bbox 377 1907 411 1941; x_wconf 94' lang='lat' dir='ltr'><strong>p.</strong></span> <span class='ocrx_word' id='word_1_350' title='bbox 432 1896 466 1930; x_wconf 90' lang='grc'><strong>8.</strong></span> <span class='ocrx_word' id='word_1_351' title='bbox 505 1896 589 1936; x_wconf 84' lang='lat'><strong>116,</strong></span> <span class='ocrx_word' id='word_1_352' title='bbox 613 1896 679 1930; x_wconf 86' lang='grc'><strong>25;</strong></span> <span class='ocrx_word' id='word_1_353' title='bbox 709 1922 717 1930; x_wconf 93' lang='grc'><strong>.</strong></span> <span class='ocrx_word' id='word_1_354' title='bbox 738 1922 745 1930; x_wconf 92' lang='grc'><em>.</em></span> <span class='ocrx_word' id='word_1_355' title='bbox 766 1922 775 1930; x_wconf 90' lang='grc'><strong>.</strong></span> <span class='ocrx_word' id='word_1_356' title='bbox 795 1895 882 1940; x_wconf 91' lang='lat' dir='ltr'><strong>quid</strong></span> <span class='ocrx_word' id='word_1_357' title='bbox 912 1906 1007 1940; x_wconf 91' lang='lat' dir='ltr'><strong>opus</strong></span> <span class='ocrx_word' id='word_1_358' title='bbox 1027 1921 1036 1930; x_wconf 87' lang='lat'><strong>.</strong></span> <span class='ocrx_word' id='word_1_359' title='bbox 1057 1921 1065 1930; x_wconf 92' lang='lat'><strong>.</strong></span> <span class='ocrx_word' id='word_1_360' title='bbox 1086 1896 1120 1930; x_wconf 61' lang='lat' dir='ltr'><strong>J?</strong></span> <span class='ocrx_word' id='word_1_361' title='bbox 1158 1895 1207 1929; x_wconf 87' lang='lat' dir='ltr'><strong>IV</strong></span> <span class='ocrx_word' id='word_1_362' title='bbox 1230 1895 1291 1936; x_wconf 92' lang='grc'><strong>10,</strong></span> <span class='ocrx_word' id='word_1_363' title='bbox 1314 1895 1381 1930; x_wconf 85' lang='lat'><strong>35:</strong></span> <span class='ocrx_word' id='word_1_364' title='bbox 1409 1895 1498 1930; x_wconf 86' lang='lat' dir='ltr'><strong>forti</strong></span> <span class='ocrx_word' id='word_1_365' title='bbox 1516 1895 1649 1930; x_wconf 89' lang='lat' dir='ltr'><strong>melius</strong></span> <span class='ocrx_word' id='word_1_366' title='bbox 1665 1922 1673 1930; x_wconf 94' lang='lat'><strong>.</strong></span> <span class='ocrx_word' id='word_1_367' title='bbox 1690 1922 1723 1930; x_wconf 92' lang='lat'><strong>..</strong></span> 
     </span>
     <span class='ocr_line' id='line_1_32' title="bbox 168 1948 1727 1996; baseline 0.001 -11"><span class='ocrx_word' id='word_1_368' title='bbox 168 1949 200 1984; x_wconf 94' lang='lat' dir='ltr'><strong>II</strong></span> <span class='ocrx_word' id='word_1_369' title='bbox 224 1949 284 1992; x_wconf 89' lang='grc'><strong>12,</strong></span> <span class='ocrx_word' id='word_1_370' title='bbox 311 1949 375 1985; x_wconf 91' lang='lat'><strong>19:</strong></span> <span class='ocrx_word' id='word_1_371' title='bbox 413 1976 421 1985; x_wconf 91' lang='lat'><strong>.</strong></span> <span class='ocrx_word' id='word_1_372' title='bbox 443 1977 450 1985; x_wconf 94' lang='lat'><strong>.</strong></span> <span class='ocrx_word' id='word_1_373' title='bbox 471 1977 478 1985; x_wconf 97' lang='lat'><strong>.</strong></span> <span class='ocrx_word' id='word_1_374' title='bbox 500 1949 621 1985; x_wconf 88' lang='lat' dir='ltr'><strong>satius</strong></span> <span class='ocrx_word' id='word_1_375' title='bbox 650 1951 828 1995; x_wconf 90' lang='lat' dir='ltr'><strong>temptare</strong></span> <span class='ocrx_word' id='word_1_376' title='bbox 848 1976 855 1985; x_wconf 90' lang='lat'><strong>.</strong></span> <span class='ocrx_word' id='word_1_377' title='bbox 876 1976 884 1984; x_wconf 90' lang='lat'><strong>.</strong></span> <span class='ocrx_word' id='word_1_378' title='bbox 905 1976 913 1984; x_wconf 95' lang='lat'><strong>.</strong></span> <span class='ocrx_word' id='word_1_379' title='bbox 941 1948 973 1984; x_wconf 93' lang='lat' dir='ltr'><strong>II</strong></span> <span class='ocrx_word' id='word_1_380' title='bbox 997 1949 1057 1991; x_wconf 91' lang='grc'><strong>10,</strong></span> <span class='ocrx_word' id='word_1_381' title='bbox 1081 1951 1119 1984; x_wconf 90' lang='lat'><strong>1:</strong></span> <span class='ocrx_word' id='word_1_382' title='bbox 1149 1949 1215 1985; x_wconf 91' lang='lat' dir='ltr'><strong>sed</strong></span> <span class='ocrx_word' id='word_1_383' title='bbox 1243 1951 1390 1996; x_wconf 89' lang='lat' dir='ltr'><strong>tempus</strong></span> <span class='ocrx_word' id='word_1_384' title='bbox 1419 1949 1580 1985; x_wconf 83' lang='lat' dir='ltr'><strong>lustrare</strong></span> <span class='ocrx_word' id='word_1_385' title='bbox 1601 1977 1608 1985; x_wconf 94' lang='lat'><strong>.</strong></span> <span class='ocrx_word' id='word_1_386' title='bbox 1629 1977 1637 1986; x_wconf 91' lang='lat'><strong>.</strong></span> <span class='ocrx_word' id='word_1_387' title='bbox 1659 1980 1666 1986; x_wconf 92' lang='lat'><strong>.</strong></span> <span class='ocrx_word' id='word_1_388' title='bbox 1688 1953 1727 1985; x_wconf 83' lang='lat' dir='ltr'><strong>et</strong></span> 
     </span>
     <span class='ocr_line' id='line_1_33' title="bbox 166 2004 1731 2051; baseline 0 -12"><span class='ocrx_word' id='word_1_389' title='bbox 166 2032 174 2039; x_wconf 91' lang='lat'><strong>.</strong></span> <span class='ocrx_word' id='word_1_390' title='bbox 195 2034 203 2042; x_wconf 92' lang='lat'><strong>.</strong></span> <span class='ocrx_word' id='word_1_391' title='bbox 224 2031 232 2040; x_wconf 90' lang='lat'><strong>.</strong></span> <span class='ocrx_word' id='word_1_392' title='bbox 253 2005 352 2040; x_wconf 86' lang='lat' dir='ltr'><strong>dare.</strong></span> <span class='ocrx_word' id='word_1_393' title='bbox 367 2006 514 2050; x_wconf 87' lang='lat' dir='ltr'><strong>tempus</strong></span> <span class='ocrx_word' id='word_1_394' title='bbox 535 2032 542 2040; x_wconf 93' lang='lat'><strong>.</strong></span> <span class='ocrx_word' id='word_1_395' title='bbox 564 2032 571 2040; x_wconf 92' lang='lat'><strong>.</strong></span> <span class='ocrx_word' id='word_1_396' title='bbox 592 2016 618 2047; x_wconf 84' lang='lat'><strong>.;</strong></span> <span class='ocrx_word' id='word_1_397' title='bbox 648 2004 774 2040; x_wconf 89' lang='lat' dir='ltr'><strong>eadem</strong></span> <span class='ocrx_word' id='word_1_398' title='bbox 803 2004 923 2049; x_wconf 89' lang='lat' dir='ltr'><strong>ellipsi</strong></span> <span class='ocrx_word' id='word_1_399' title='bbox 951 2004 1011 2039; x_wconf 88' lang='lat' dir='ltr'><strong>usi</strong></span> <span class='ocrx_word' id='word_1_400' title='bbox 1040 2007 1129 2039; x_wconf 88' lang='lat' dir='ltr'><strong>sunt</strong></span> <span class='ocrx_word' id='word_1_401' title='bbox 1158 2004 1326 2039; x_wconf 88' lang='lat' dir='ltr'><strong>Catullus</strong></span> <span class='ocrx_word' id='word_1_402' title='bbox 1355 2004 1433 2050; x_wconf 82' lang='lat'>(62,</span> <span class='ocrx_word' id='word_1_403' title='bbox 1456 2005 1504 2051; x_wconf 89' lang='lat'><strong>3),</strong></span> <span class='ocrx_word' id='word_1_404' title='bbox 1541 2005 1731 2050; x_wconf 85' lang='lat' dir='ltr'><strong>Vergilius</strong></span> 
     </span>
     <span class='ocr_line' id='line_1_34' title="bbox 168 2058 1731 2106; baseline 0 -13"><span class='ocrx_word' id='word_1_405' title='bbox 168 2060 299 2104; x_wconf 89' lang='lat' dir='ltr'><strong>quater</strong></span> <span class='ocrx_word' id='word_1_406' title='bbox 326 2059 364 2093; x_wconf 91' lang='lat' dir='ltr'><strong>in</strong></span> <span class='ocrx_word' id='word_1_407' title='bbox 393 2059 535 2104; x_wconf 86' lang='lat' dir='ltr'><strong>Georg.‚</strong></span> <span class='ocrx_word' id='word_1_408' title='bbox 567 2059 674 2094; x_wconf 90' lang='lat' dir='ltr'><strong>duob.</strong></span> <span class='ocrx_word' id='word_1_409' title='bbox 695 2058 787 2093; x_wconf 88' lang='lat' dir='ltr'><strong>locis</strong></span> <span class='ocrx_word' id='word_1_410' title='bbox 816 2058 979 2099; x_wconf 84' lang='lat' dir='ltr'><strong>Ovidius,</strong></span> <span class='ocrx_word' id='word_1_411' title='bbox 1011 2058 1124 2092; x_wconf 91' lang='lat' dir='ltr'><strong>semel</strong></span> <span class='ocrx_word' id='word_1_412' title='bbox 1153 2058 1298 2093; x_wconf 85' lang='lat' dir='ltr'><strong>Statius</strong></span> <span class='ocrx_word' id='word_1_413' title='bbox 1328 2058 1452 2105; x_wconf 83' lang='lat' dir='ltr'><strong>(Theb.</strong></span> <span class='ocrx_word' id='word_1_414' title='bbox 1474 2059 1509 2100; x_wconf 72' lang='lat'><strong>2,</strong></span> <span class='ocrx_word' id='word_1_415' title='bbox 1532 2059 1641 2106; x_wconf 56' lang='lat'><strong>403„</strong></span> <span class='ocrx_word' id='word_1_416' title='bbox 1680 2059 1731 2093; x_wconf 76' lang='lat' dir='ltr'><strong>cf-</strong></span> 
     </span>
     <span class='ocr_line' id='line_1_35' title="bbox 168 2112 1729 2161; baseline 0.001 -13"><span class='ocrx_word' id='word_1_417' title='bbox 168 2112 313 2148; x_wconf 91' lang='lat' dir='ltr'><strong>Winter</strong></span> <span class='ocrx_word' id='word_1_418' title='bbox 341 2124 375 2159; x_wconf 91' lang='lat' dir='ltr'><strong>p.</strong></span> <span class='ocrx_word' id='word_1_419' title='bbox 396 2113 430 2148; x_wconf 87' lang='grc'><strong>8.</strong></span> <span class='ocrx_word' id='word_1_420' title='bbox 487 2113 536 2148; x_wconf 95' lang='lat' dir='ltr'><strong>III</strong></span> <span class='ocrx_word' id='word_1_421' title='bbox 559 2113 619 2155; x_wconf 89' lang='lat'><strong>15,</strong></span> <span class='ocrx_word' id='word_1_422' title='bbox 642 2113 708 2148; x_wconf 91' lang='lat'><strong>21:</strong></span> <span class='ocrx_word' id='word_1_423' title='bbox 750 2112 818 2148; x_wconf 80' lang='lat' dir='ltr'><strong>tibi</strong></span> <span class='ocrx_word' id='word_1_424' title='bbox 856 2114 961 2158; x_wconf 89' lang='lat' dir='ltr'><strong>turpe</strong></span> <span class='ocrx_word' id='word_1_425' title='bbox 982 2139 989 2148; x_wconf 95' lang='lat'><strong>.</strong></span> <span class='ocrx_word' id='word_1_426' title='bbox 1010 2139 1018 2147; x_wconf 92' lang='lat'><strong>.</strong></span> <span class='ocrx_word' id='word_1_427' title='bbox 1040 2123 1063 2154; x_wconf 92' lang='lat'><strong>.;</strong></span> <span class='ocrx_word' id='word_1_428' title='bbox 1106 2112 1154 2147; x_wconf 79' lang='lat' dir='ltr'><strong>IV</strong></span> <span class='ocrx_word' id='word_1_429' title='bbox 1174 2112 1209 2154; x_wconf 92' lang='grc'>6,</span> <span class='ocrx_word' id='word_1_430' title='bbox 1232 2113 1300 2148; x_wconf 88' lang='lat'><strong>45:</strong></span> <span class='ocrx_word' id='word_1_431' title='bbox 1343 2115 1450 2159; x_wconf 90' lang='lat' dir='ltr'><strong>turpe</strong></span> <span class='ocrx_word' id='word_1_432' title='bbox 1479 2113 1622 2149; x_wconf 88' lang='lat' dir='ltr'><strong>Latinis</strong></span> <span class='ocrx_word' id='word_1_433' title='bbox 1643 2141 1650 2149; x_wconf 89' lang='lat'><strong>.</strong></span> <span class='ocrx_word' id='word_1_434' title='bbox 1672 2141 1679 2148; x_wconf 94' lang='lat'><strong>.</strong></span> <span class='ocrx_word' id='word_1_435' title='bbox 1701 2124 1729 2161; x_wconf 78' lang='lat'><strong>.·,</strong></span> 
     </span>
     <span class='ocr_line' id='line_1_36' title="bbox 169 2167 1728 2213; baseline 0 -11"><span class='ocrx_word' id='word_1_436' title='bbox 169 2178 264 2212; x_wconf 85' lang='lat' dir='ltr'><strong>quae</strong></span> <span class='ocrx_word' id='word_1_437' title='bbox 292 2168 474 2202; x_wconf 81' lang='lat' dir='ltr'><strong>formulae</strong></span> <span class='ocrx_word' id='word_1_438' title='bbox 503 2167 840 2213; x_wconf 87' lang='lat' dir='ltr'><strong>petitae-videntur</strong></span> <span class='ocrx_word' id='word_1_439' title='bbox 868 2177 887 2201; x_wconf 95' lang='lat' dir='ltr'><strong>e</strong></span> <span class='ocrx_word' id='word_1_440' title='bbox 912 2177 1077 2201; x_wconf 91' lang='lat' dir='ltr'><strong>sermone</strong></span> <span class='ocrx_word' id='word_1_441' title='bbox 1101 2167 1285 2201; x_wconf 83' lang='lat' dir='ltr'><strong>familiari.</strong></span> <span class='ocrx_word' id='word_1_442' title='bbox 1329 2168 1374 2201; x_wconf 79' lang='lat' dir='ltr'><strong>cf.</strong></span> <span class='ocrx_word' id='word_1_443' title='bbox 1394 2167 1564 2202; x_wconf 84' lang='lat' dir='ltr'><strong>Schmalz</strong></span> <span class='ocrx_word' id='word_1_444' title='bbox 1583 2179 1618 2213; x_wconf 90' lang='lat' dir='ltr'><strong>p.</strong></span> <span class='ocrx_word' id='word_1_445' title='bbox 1634 2168 1728 2208; x_wconf 75' lang='lat'>215,</span> 
     </span>
     <span class='ocr_line' id='line_1_37' title="bbox 171 2220 1730 2268; baseline 0.001 -12"><span class='ocrx_word' id='word_1_446' title='bbox 171 2220 218 2256; x_wconf 92' lang='lat'><strong>10</strong></span> <span class='ocrx_word' id='word_1_447' title='bbox 230 2232 264 2256; x_wconf 89' lang='lat' dir='ltr'><strong>a.</strong></span> <span class='ocrx_word' id='word_1_448' title='bbox 301 2221 354 2256; x_wconf 92' lang='lat' dir='ltr'><strong>De</strong></span> <span class='ocrx_word' id='word_1_449' title='bbox 373 2220 516 2267; x_wconf 89' lang='lat' dir='ltr'><strong>reliqua</strong></span> <span class='ocrx_word' id='word_1_450' title='bbox 538 2221 738 2257; x_wconf 83' lang='lat' dir='ltr'><strong>formarum</strong></span> <span class='ocrx_word' id='word_1_451' title='bbox 768 2221 848 2263; x_wconf 90' lang='lat' dir='ltr'><strong>,est,</strong></span> <span class='ocrx_word' id='word_1_452' title='bbox 878 2221 977 2255; x_wconf 84' lang='lat' dir='ltr'><strong>sunt‘</strong></span> <span class='ocrx_word' id='word_1_453' title='bbox 1008 2220 1129 2266; x_wconf 91' lang='lat' dir='ltr'><strong>ellipsi</strong></span> <span class='ocrx_word' id='word_1_454' title='bbox 1148 2231 1222 2256; x_wconf 91' lang='lat' dir='ltr'><strong>non</strong></span> <span class='ocrx_word' id='word_1_455' title='bbox 1241 2221 1314 2256; x_wconf 89' lang='lat' dir='ltr'><strong>iam</strong></span> <span class='ocrx_word' id='word_1_456' title='bbox 1336 2221 1468 2263; x_wconf 92' lang='lat' dir='ltr'><strong>dicam,</strong></span> <span class='ocrx_word' id='word_1_457' title='bbox 1500 2222 1589 2268; x_wconf 90' lang='lat' dir='ltr'><strong>quia</strong></span> <span class='ocrx_word' id='word_1_458' title='bbox 1607 2222 1730 2257; x_wconf 89' lang='lat' dir='ltr'><strong>usita-</strong></span> 
     </span>
     <span class='ocr_line' id='line_1_38' title="bbox 165 2275 1729 2321; baseline 0.001 -11"><span class='ocrx_word' id='word_1_459' title='bbox 165 2275 313 2311; x_wconf 86' lang='lat' dir='ltr'><strong>tissima</strong></span> <span class='ocrx_word' id='word_1_460' title='bbox 334 2278 393 2311; x_wconf 90' lang='lat' dir='ltr'><strong>est</strong></span> <span class='ocrx_word' id='word_1_461' title='bbox 406 2276 577 2312; x_wconf 92' lang='lat' dir='ltr'><strong>omnibus</strong></span> <span class='ocrx_word' id='word_1_462' title='bbox 591 2276 829 2321; x_wconf 86' lang='lat' dir='ltr'><strong>temporibus,</strong></span> <span class='ocrx_word' id='word_1_463' title='bbox 846 2275 1059 2320; x_wconf 88' lang='lat' dir='ltr'><strong>praesertim</strong></span> <span class='ocrx_word' id='word_1_464' title='bbox 1075 2275 1108 2310; x_wconf 92' lang='lat' dir='ltr'><strong>si</strong></span> <span class='ocrx_word' id='word_1_465' title='bbox 1127 2278 1221 2320; x_wconf 90' lang='lat' dir='ltr'><strong>part.</strong></span> <span class='ocrx_word' id='word_1_466' title='bbox 1237 2277 1325 2321; x_wconf 84' lang='lat' dir='ltr'><strong>perf.</strong></span> <span class='ocrx_word' id='word_1_467' title='bbox 1342 2287 1443 2321; x_wconf 90' lang='lat' dir='ltr'><strong>pass.</strong></span> <span class='ocrx_word' id='word_1_468' title='bbox 1464 2277 1641 2321; x_wconf 88' lang='lat' dir='ltr'><strong>scriptum</strong></span> <span class='ocrx_word' id='word_1_469' title='bbox 1656 2279 1729 2312; x_wconf 77' lang='lat' dir='ltr'><strong>est.</strong></span> 
     </span>
    </p>

    <p class='ocr_par' dir='ltr' id='par_1_4' title="bbox 165 2328 1728 2805">
     <span class='ocr_line' id='line_1_39' title="bbox 302 2328 1728 2370; baseline 0 -5"><span class='ocrx_word' id='word_1_470' title='bbox 302 2329 430 2365; x_wconf 87' lang='lat' dir='ltr'><strong>Aliae</strong></span> <span class='ocrx_word' id='word_1_471' title='bbox 459 2331 583 2365; x_wconf 89' lang='lat' dir='ltr'><strong>autem</strong></span> <span class='ocrx_word' id='word_1_472' title='bbox 611 2330 776 2365; x_wconf 87' lang='lat' dir='ltr'><strong>formae</strong></span> <span class='ocrx_word' id='word_1_473' title='bbox 804 2328 928 2364; x_wconf 91' lang='lat' dir='ltr'><strong>verbi</strong></span> <span class='ocrx_word' id='word_1_474' title='bbox 958 2329 1396 2370; x_wconf 86' lang='lat' dir='ltr'><strong>‚esse‘omittuntur</strong></span> <span class='ocrx_word' id='word_1_475' title='bbox 1420 2330 1462 2365; x_wconf 91' lang='lat' dir='ltr'><strong>in</strong></span> <span class='ocrx_word' id='word_1_476' title='bbox 1483 2331 1728 2366; x_wconf 88' lang='lat' dir='ltr'><strong>sententiis</strong></span> 
     </span>
     <span class='ocr_line' id='line_1_40' title="bbox 167 2381 1725 2431; baseline 0.001 -13"><span class='ocrx_word' id='word_1_477' title='bbox 167 2383 503 2423; x_wconf 86' lang='lat' dir='ltr'><strong>exclamativis.</strong></span> <span class='ocrx_word' id='word_1_478' title='bbox 527 2386 640 2430; x_wconf 88' lang='lat' dir='ltr'><strong>atque</strong></span> <span class='ocrx_word' id='word_1_479' title='bbox 660 2383 882 2419; x_wconf 87' lang='lat' dir='ltr'><strong>omittitur</strong></span> <span class='ocrx_word' id='word_1_480' title='bbox 899 2382 1018 2418; x_wconf 85' lang='lat' dir='ltr'><strong>forma</strong></span> <span class='ocrx_word' id='word_1_481' title='bbox 1041 2413 1059 2431; x_wconf 89' lang='lat'>„</span> <span class='ocrx_word' id='word_1_482' title='bbox 1074 2394 1123 2418; x_wconf 92' lang='lat' dir='ltr'><strong>es</strong></span> <span class='ocrx_word' id='word_1_483' title='bbox 1138 2381 1176 2418; x_wconf 91' lang='lat'><strong>“:</strong></span> <span class='ocrx_word' id='word_1_484' title='bbox 1196 2384 1288 2426; x_wconf 91' lang='lat'>115,</span> <span class='ocrx_word' id='word_1_485' title='bbox 1302 2385 1367 2420; x_wconf 79' lang='lat'><strong>27:</strong></span> <span class='ocrx_word' id='word_1_486' title='bbox 1388 2385 1513 2420; x_wconf 88' lang='lat' dir='ltr'><strong>audax</strong></span> <span class='ocrx_word' id='word_1_487' title='bbox 1532 2396 1556 2419; x_wconf 93' lang='lat' dir='ltr'><strong>a</strong></span> <span class='ocrx_word' id='word_1_488' title='bbox 1574 2385 1725 2420; x_wconf 89' lang='lat' dir='ltr'><strong>nimium</strong></span> 
     </span>
     <span class='ocr_line' id='line_1_41' title="bbox 166 2436 1724 2485; baseline 0.001 -13"><span class='ocrx_word' id='word_1_489' title='bbox 166 2437 232 2484; x_wconf 86' lang='lat' dir='ltr'><strong>(es)</strong></span> <span class='ocrx_word' id='word_1_490' title='bbox 249 2464 257 2472; x_wconf 91' lang='lat'><strong>.</strong></span> <span class='ocrx_word' id='word_1_491' title='bbox 278 2464 286 2472; x_wconf 94' lang='lat'><strong>.</strong></span> <span class='ocrx_word' id='word_1_492' title='bbox 306 2448 330 2479; x_wconf 93' lang='lat'><strong>.;</strong></span> <span class='ocrx_word' id='word_1_493' title='bbox 375 2438 406 2472; x_wconf 95' lang='lat' dir='ltr'><strong>II</strong></span> <span class='ocrx_word' id='word_1_494' title='bbox 429 2438 490 2479; x_wconf 89' lang='lat'><strong>34,</strong></span> <span class='ocrx_word' id='word_1_495' title='bbox 514 2438 585 2473; x_wconf 83' lang='lat'><strong>71:</strong></span> <span class='ocrx_word' id='word_1_496' title='bbox 622 2438 722 2478; x_wconf 85' lang='lat' dir='ltr'><strong>felix,</strong></span> <span class='ocrx_word' id='word_1_497' title='bbox 754 2437 816 2482; x_wconf 88' lang='lat' dir='ltr'><strong>qui</strong></span> <span class='ocrx_word' id='word_1_498' title='bbox 844 2436 1017 2471; x_wconf 87' lang='lat' dir='ltr'><strong>mercaris</strong></span> <span class='ocrx_word' id='word_1_499' title='bbox 1038 2463 1046 2471; x_wconf 95' lang='lat'><strong>.</strong></span> <span class='ocrx_word' id='word_1_500' title='bbox 1067 2463 1075 2471; x_wconf 95' lang='lat'><strong>.</strong></span> <span class='ocrx_word' id='word_1_501' title='bbox 1097 2448 1120 2478; x_wconf 90' lang='lat'><strong>.;</strong></span> <span class='ocrx_word' id='word_1_502' title='bbox 1163 2437 1264 2479; x_wconf 81' lang='lat'><strong>1117,</strong></span> <span class='ocrx_word' id='word_1_503' title='bbox 1287 2438 1324 2474; x_wconf 93' lang='lat'><strong>1:</strong></span> <span class='ocrx_word' id='word_1_504' title='bbox 1354 2448 1442 2485; x_wconf 88' lang='lat' dir='ltr'><strong>ergo</strong></span> <span class='ocrx_word' id='word_1_505' title='bbox 1472 2438 1654 2474; x_wconf 89' lang='lat' dir='ltr'><strong>sollicitae</strong></span> <span class='ocrx_word' id='word_1_506' title='bbox 1683 2441 1724 2474; x_wconf 86' lang='lat' dir='ltr'><strong>tu</strong></span> 
     </span>
     <span class='ocr_line' id='line_1_42' title="bbox 167 2490 1725 2538; baseline 0.001 -12"><span class='ocrx_word' id='word_1_507' title='bbox 167 2502 294 2533; x_wconf 86' lang='lat' dir='ltr'><strong>eausa,</strong></span> <span class='ocrx_word' id='word_1_508' title='bbox 325 2492 492 2537; x_wconf 88' lang='lat' dir='ltr'><strong>pecunia,</strong></span> <span class='ocrx_word' id='word_1_509' title='bbox 524 2492 640 2528; x_wconf 87' lang='lat' dir='ltr'><strong>vitae!</strong></span> <span class='ocrx_word' id='word_1_510' title='bbox 684 2491 740 2536; x_wconf 84' lang='lat' dir='ltr'><strong>(cf.</strong></span> <span class='ocrx_word' id='word_1_511' title='bbox 760 2490 902 2526; x_wconf 89' lang='lat' dir='ltr'><strong>Winter</strong></span> <span class='ocrx_word' id='word_1_512' title='bbox 929 2501 963 2536; x_wconf 90' lang='lat' dir='ltr'><strong>p.</strong></span> <span class='ocrx_word' id='word_1_513' title='bbox 985 2491 1141 2538; x_wconf 87' lang='lat'><strong>9—11).</strong></span> <span class='ocrx_word' id='word_1_514' title='bbox 1181 2492 1279 2528; x_wconf 88' lang='lat' dir='ltr'><strong>Idem</strong></span> <span class='ocrx_word' id='word_1_515' title='bbox 1310 2493 1593 2528; x_wconf 84' lang='lat' dir='ltr'><strong>observatur.in</strong></span> <span class='ocrx_word' id='word_1_516' title='bbox 1622 2503 1725 2528; x_wconf 90' lang='lat' dir='ltr'><strong>sen-</strong></span> 
     </span>
     <span class='ocr_line' id='line_1_43' title="bbox 166 2544 1728 2594; baseline 0.001 -14"><span class='ocrx_word' id='word_1_517' title='bbox 166 2546 328 2581; x_wconf 91' lang='lat' dir='ltr'><strong>tentiis</strong></span> <span class='ocrx_word' id='word_1_518' title='bbox 370 2547 719 2592; x_wconf 85' lang='lat' dir='ltr'><strong>interrogativis</strong></span> <span class='ocrx_word' id='word_1_519' title='bbox 763 2544 818 2591; x_wconf 86' lang='lat' dir='ltr'><strong>(cf.</strong></span> <span class='ocrx_word' id='word_1_520' title='bbox 847 2544 993 2581; x_wconf 87' lang='lat' dir='ltr'><strong>Winter</strong></span> <span class='ocrx_word' id='word_1_521' title='bbox 1034 2556 1068 2591; x_wconf 88' lang='lat' dir='ltr'><strong>p.</strong></span> <span class='ocrx_word' id='word_1_522' title='bbox 1102 2546 1288 2594; x_wconf 78' lang='lat'>11—15);</span> <span class='ocrx_word' id='word_1_523' title='bbox 1336 2549 1449 2593; x_wconf 87' lang='lat' dir='ltr'><strong>atque</strong></span> <span class='ocrx_word' id='word_1_524' title='bbox 1496 2548 1728 2582; x_wconf 86' lang='lat' dir='ltr'><strong>desideratur</strong></span> 
     </span>
     <span class='ocr_line' id='line_1_44' title="bbox 165 2598 1725 2650; baseline 0.001 -16"><span class='ocrx_word' id='word_1_525' title='bbox 165 2599 312 2636; x_wconf 83' lang='lat' dir='ltr'><strong>forma</strong></span> <span class='ocrx_word' id='word_1_526' title='bbox 342 2598 465 2650; x_wconf 89' lang='lat' dir='ltr'><strong>„es“:</strong></span> <span class='ocrx_word' id='word_1_527' title='bbox 508 2601 579 2643; x_wconf 86' lang='lat'><strong>18,</strong></span> <span class='ocrx_word' id='word_1_528' title='bbox 607 2601 643 2636; x_wconf 95' lang='lat'><strong>1:</strong></span> <span class='ocrx_word' id='word_1_529' title='bbox 686 2603 774 2636; x_wconf 91' lang='lat' dir='ltr'><strong>tune</strong></span> <span class='ocrx_word' id='word_1_530' title='bbox 816 2599 927 2645; x_wconf 82' lang='lat' dir='ltr'><strong>igitur</strong></span> <span class='ocrx_word' id='word_1_531' title='bbox 955 2599 1104 2636; x_wconf 89' lang='lat' dir='ltr'><strong>demens</strong></span> <span class='ocrx_word' id='word_1_532' title='bbox 1126 2628 1133 2637; x_wconf 93' lang='lat'><strong>.</strong></span> <span class='ocrx_word' id='word_1_533' title='bbox 1154 2630 1162 2638; x_wconf 98' lang='lat'><strong>.</strong></span> <span class='ocrx_word' id='word_1_534' title='bbox 1184 2603 1217 2637; x_wconf 79' lang='lat'><strong>.‘?</strong></span> <span class='ocrx_word' id='word_1_535' title='bbox 1275 2602 1390 2643; x_wconf 85' lang='lat'>1128,</span> <span class='ocrx_word' id='word_1_536' title='bbox 1418 2602 1482 2637; x_wconf 88' lang='lat'><strong>12:</strong></span> <span class='ocrx_word' id='word_1_537' title='bbox 1525 2603 1592 2636; x_wconf 87' lang='lat' dir='ltr'><strong>aut</strong></span> <span class='ocrx_word' id='word_1_538' title='bbox 1629 2613 1725 2637; x_wconf 89' lang='lat' dir='ltr'><strong>ausa</strong></span> 
     </span>
     <span class='ocr_line' id='line_1_45' title="bbox 167 2651 1724 2704; baseline 0.001 -15"><span class='ocrx_word' id='word_1_539' title='bbox 167 2665 300 2699; x_wconf 84' lang='lat' dir='ltr'><strong>negare</strong></span> <span class='ocrx_word' id='word_1_540' title='bbox 321 2682 328 2690; x_wconf 97' lang='lat'><strong>.</strong></span> <span class='ocrx_word' id='word_1_541' title='bbox 349 2682 357 2690; x_wconf 90' lang='lat'><strong>.</strong></span> <span class='ocrx_word' id='word_1_542' title='bbox 379 2656 415 2691; x_wconf 85' lang='lat'><strong>.·?</strong></span> <span class='ocrx_word' id='word_1_543' title='bbox 471 2656 614 2691; x_wconf 88' lang='lat' dir='ltr'><strong>forma</strong></span> <span class='ocrx_word' id='word_1_544' title='bbox 645 2651 827 2704; x_wconf 86' lang='lat' dir='ltr'><strong>„estis“:</strong></span> <span class='ocrx_word' id='word_1_545' title='bbox 869 2653 919 2688; x_wconf 94' lang='lat' dir='ltr'><strong>III</strong></span> <span class='ocrx_word' id='word_1_546' title='bbox 943 2655 975 2695; x_wconf 93' lang='grc'><strong>1,</strong></span> <span class='ocrx_word' id='word_1_547' title='bbox 999 2656 1039 2690; x_wconf 86' lang='grc'><strong>6;</strong></span> <span class='ocrx_word' id='word_1_548' title='bbox 1084 2667 1206 2701; x_wconf 91' lang='lat' dir='ltr'><strong>quove</strong></span> <span class='ocrx_word' id='word_1_549' title='bbox 1248 2657 1339 2701; x_wconf 88' lang='lat' dir='ltr'><strong>pede</strong></span> <span class='ocrx_word' id='word_1_550' title='bbox 1381 2656 1538 2701; x_wconf 85' lang='lat' dir='ltr'><strong>ingressi</strong></span> <span class='ocrx_word' id='word_1_551' title='bbox 1580 2656 1724 2703; x_wconf 79' lang='lat' dir='ltr'><strong>(estis)?</strong></span> 
     </span>
     <span class='ocr_line' id='line_1_46' title="bbox 167 2705 1727 2757; baseline 0.001 -15"><span class='ocrx_word' id='word_1_552' title='bbox 167 2707 224 2751; x_wconf 85' lang='lat' dir='ltr'><strong>(cf.</strong></span> <span class='ocrx_word' id='word_1_553' title='bbox 245 2708 339 2744; x_wconf 86' lang='lat' dir='ltr'><strong>Stat.</strong></span> <span class='ocrx_word' id='word_1_554' title='bbox 354 2708 464 2745; x_wconf 88' lang='lat' dir='ltr'><strong>Theb.</strong></span> <span class='ocrx_word' id='word_1_555' title='bbox 484 2710 623 2757; x_wconf 85' lang='lat'>1445);</span> <span class='ocrx_word' id='word_1_556' title='bbox 652 2710 807 2746; x_wconf 86' lang='lat' dir='ltr'><strong>formam</strong></span> <span class='ocrx_word' id='word_1_557' title='bbox 830 2705 918 2756; x_wconf 87' lang='lat' dir='ltr'><strong>„es“</strong></span> <span class='ocrx_word' id='word_1_558' title='bbox 941 2708 979 2743; x_wconf 93' lang='lat' dir='ltr'><strong>in</strong></span> <span class='ocrx_word' id='word_1_559' title='bbox 1000 2711 1093 2744; x_wconf 90' lang='lat' dir='ltr'><strong>sent.</strong></span> <span class='ocrx_word' id='word_1_560' title='bbox 1113 2710 1177 2745; x_wconf 83' lang='lat' dir='ltr'><strong>int.</strong></span> <span class='ocrx_word' id='word_1_561' title='bbox 1199 2710 1354 2745; x_wconf 91' lang='lat' dir='ltr'><strong>omisere</strong></span> <span class='ocrx_word' id='word_1_562' title='bbox 1375 2710 1556 2755; x_wconf 84' lang='lat' dir='ltr'><strong>Vergilius</strong></span> <span class='ocrx_word' id='word_1_563' title='bbox 1577 2710 1727 2745; x_wconf 87' lang='lat' dir='ltr'><strong>duobus</strong></span> 
     </span>
     <span class='ocr_line' id='line_1_47' title="bbox 166 2761 577 2805; baseline 0.007 -9"><span class='ocrx_word' id='word_1_564' title='bbox 166 2761 269 2805; x_wconf 90' lang='lat' dir='ltr'><strong>locis,</strong></span> <span class='ocrx_word' id='word_1_565' title='bbox 301 2762 391 2805; x_wconf 84' lang='lat' dir='ltr'><strong>Iuv.‚</strong></span> <span class='ocrx_word' id='word_1_566' title='bbox 423 2763 577 2800; x_wconf 83' lang='lat' dir='ltr'><strong>Statius,</strong></span> 
     </span>
    </p>
   </div>
  </div>
 </body>
</html>
