1896 3179
89 647 180 717 Vl.
201 646 294 717 De
316 649 791 734 proprietatibus
816 649 1181 734 quibusdam
1203 648 1652 717 sententiarum

687 745 1051 815 structurae.

479 877 530 938 a)
567 876 630 926 De
664 876 976 926 collocatione
1009 876 1269 925 verborum.

214 966 342 1000 Pauca
369 966 440 1000 hac
477 966 581 1011 parte
611 964 935 1000 commentationis
964 964 1130 1005 afferam,
1167 964 1258 1010 quia
1291 965 1409 999 multa
1444 965 1519 1000 iam
1546 967 1648 1000 attu-

81 1017 206 1055 lerunt
231 1019 487 1061 Rothstein‚
509 1019 695 1064 Wagner
724 1018 780 1065 (ut
807 1030 842 1064 p.
863 1019 914 1054 39
944 1019 989 1054 de
1026 1018 1153 1054 colloc.
1173 1019 1366 1066 attributi),
1407 1019 1650 1065 Hertzberg

85 1074 111 1119 (1
134 1074 233 1120 121).
289 1074 475 1108 Interdum
512 1073 718 1109 artificioso
752 1073 914 1119 quodam
951 1073 1062 1108 modo
1101 1073 1369 1108 attributum
1408 1074 1461 1108 ab
1499 1074 1648 1120 initio,

83 1128 424 1163 substantivum
452 1128 496 1163 in
523 1128 616 1163 fine
644 1138 804 1163 versus
834 1127 1019 1168 scribitur,
1054 1129 1112 1165 ut:
1151 1127 1202 1162 IV
1220 1127 1256 1166 4.
1278 1127 1356 1165 14:—
1381 1127 1574 1163 bellicus
1603 1138 1649 1163 ex

83 1182 147 1218 illo
174 1182 277 1217 fonte
306 1183 455 1217 bibebat
484 1193 641 1229 equus3
674 1181 712 1222 4,
731 1182 799 1228 743
829 1181 952 1229 5,12;
981 1181 1051 1229 203
1081 1182 1148 1229 783
1177 1182 1213 1223 6,
1231 1181 1301 1229 723
1330 1183 1365 1223 7,
1387 1181 1452 1229 183
1481 1181 1549 1223 24;
1579 1182 1647 1223 283

83 1236 153 1283 483
188 1236 257 1284 81;
299 1236 371 1277 12,
388 1235 457 1277 28;
497 1237 532 1276 3,
550 1236 591 1283 43
625 1236 689 1273 15;
723 1236 788 1276 18;
828 1236 897 1283 33;
935 1235 1031 1283 4,4;
1070 1237 1113 1282 6;
1151 1235 1218 1276 23;
1252 1236 1397 1277 10,28;
1429 1236 1549 1277 11‚6;
1583 1237 1648 1283 12;

83 1289 346 1338 111,16;57;
376 1290 443 1332 663
464 1290 500 1331 2,
522 1290 585 1331 12;
610 1290 673 1331 14;
697 1290 733 1329 3,
751 1289 819 1331 24;
840 1289 877 1331 4,
895 1289 965 1337 263
990 1288 1025 1331 6,
1047 1288 1114 1337 163
1132 1289 1168 1330 8,
1186 1289 1253 1336 363
1274 1289 1310 1331 9,
1329 1289 1369 1337 63
1389 1289 1457 1337 5⁰3
1486 1289 1588 1331 1111,
1606 1290 1647 1337 33

83 1345 119 1385 3,
138 1345 179 1391 53
200 1345 267 1391 333
289 1344 358 1390 453
387 1344 455 1392 483
477 1345 512 1385 5,
531 1344 597 1391 103
627 1344 662 1382 6.
682 1344 716 1379 6.
764 1343 991 1389 Saepissime
1010 1343 1163 1379 adhibet
1180 1354 1263 1378 eum
1283 1344 1444 1379 ordinem
1463 1344 1644 1384 Catullus,

82 1398 270 1433 rarissime
312 1399 440 1443 prisci,
486 1399 551 1433 sed
594 1398 715 1433 media
756 1398 852 1433 inter
892 1399 1072 1443 utrosque
1113 1397 1178 1433 via
1218 1397 1418 1443 ingreditur
1450 1398 1644 1443 Vergilius.

80 1452 113 1487 N
125 1452 272 1487 orden
300 1453 389 1487 Aen.
410 1452 457 1487 V1
485 1463 520 1497 p.
541 1452 630 1487 382.
688 1452 825 1487 Contra
862 1454 988 1487 autem
1025 1451 1212 1487 rarissime
1248 1451 1433 1487 invenitur
1470 1452 1503 1487 is
1542 1452 1643 1493 ordo,

80 1517 156 1552 quo
185 1506 434 1543 subiectum
463 1506 506 1541 in
535 1506 685 1548 initio,
716 1506 986 1542 attributum
1014 1506 1059 1541 in
1086 1506 1179 1541 fine
1208 1506 1409 1541 collocatur
1436 1505 1644 1553 (Norden).

83 1581 133 1586 —
163 1560 269 1607 Prop.
293 1560 342 1595 IV
359 1561 394 1602 5,
410 1561 471 1598 36.
1396 1599 1400 1604 ,

211 1615 395 1661 Persaepe
414 1615 628 1661 Propertius
657 1625 777 1661 pron.
798 1615 923 1650 relat.
944 1625 1019 1651 non
1048 1615 1096 1650 ab
1124 1614 1230 1650 initio
1250 1614 1452 1650 sententiae
1472 1613 1642 1655 collocat,

83 1671 148 1715 qui
176 1680 271 1705 usus
291 1671 514 1705 observatus
543 1672 602 1705 est
620 1670 720 1715 apud
739 1670 871 1711 plaut„
892 1669 1009 1720 Lucr„
1031 1669 1242 1710 Varronem,
1271 1669 1451 1704 interdum
1480 1680 1539 1714 ap.
1559 1669 1641 1710 Cic..

79 1724 197 1769 Verg„
217 1723 306 1764 Liv„
328 1723 431 1766 Plin.,
452 1723 560 1769 Apul.
603 1724 631 1758 E
649 1723 839 1769 Propertio
868 1723 1006 1759 multos
1034 1723 1138 1759 locos
1167 1723 1295 1759 attulit
1311 1723 1497 1768 Wagner
1525 1734 1559 1768 p.
1580 1723 1643 1758 41.

78 1779 132 1813 Ac
152 1778 372 1824 saepissime
401 1789 600 1823 pronomen
626 1778 787 1813 collocat
814 1778 930 1813 altero
960 1778 1054 1820 loco,
1085 1779 1128 1813 ut
1155 1778 1172 1812 I
1196 1778 1228 1819 1,
1250 1777 1314 1825 193
1347 1777 1405 1818 14,
1424 1779 1467 1824 63
1494 1776 1526 1811 11
1544 1776 1605 1819 15,
1618 1778 1650 1817 8,

79 1835 146 1873 etc.
166 1853 220 1857 —
249 1834 345 1867 certe
373 1833 444 1868 hoc
462 1833 646 1867 interdum
674 1832 834 1877 praefert
862 1834 1011 1877 propter
1029 1833 1200 1880 metrum3
1230 1832 1295 1867 sed
1314 1831 1493 1866 interdum
1514 1831 1643 1867 eodem

78 1887 156 1921 iure
184 1887 301 1931 primo
330 1886 411 1921 loco
441 1897 541 1931 pron.
562 1897 696 1931 ponere
725 1886 856 1931 potuit,
896 1888 954 1923 ut:
983 1885 1032 1920 IV
1047 1886 1083 1927 9,
1099 1886 1161 1923 37.
1218 1886 1337 1921 Tertio
1372 1885 1451 1920 loco
1482 1884 1643 1921 collocat

78 1950 297 1986 pronomen:
325 1940 515 1987 1117.42;
545 1940 580 1981 9,
599 1940 640 1988 2;
664 1939 696 1981 1,
715 1939 778 1987 21;
802 1939 862 1981 18,
880 1940 943 1988 313
967 1939 1103 1988 19‚11;
1133 1940 1182 1974 IV
1198 1940 1233 1981 5,
1249 1940 1316 1987 403
1346 1939 1456 1986 7,81;
1486 1940 1642 1984 quarto:

78 1994 270 2041 1114‚20;
301 1994 362 2035 18,
381 1995 414 2041 1;
442 1994 491 2028 Ν
510 1994 545 2035 6,
564 1994 633 2041 66;
663 1994 698 2034 9,
717 1994 785 2042 33;
814 1994 963 2039 quinto:
990 1994 1107 2035 1129,
1126 1994 1188 2029 28.

210 2047 346 2082 Eadem
374 2047 471 2082 ratio
511 2047 549 2081 in
578 2047 865 2092 pronomine
903 2047 1277 2093 interrogativo
1307 2046 1558 2094 cognoscitur3
1598 2047 1643 2081 de

78 2102 206 2138 comic.
221 2112 294 2138 usu
313 2113 347 2137 v.
364 2101 595 2138 th.-Haul.
615 2102 664 2137 ad
683 2102 826 2138 Phorm.
843 2100 969 2151 26131)
998 2101 1127 2148 Leky
1146 2113 1180 2148 p.
1197 2101 1256 2137 68.
1277 2121 1328 2126 -—
1351 2101 1458 2147 Prop.
1474 2100 1507 2136 11
1523 2100 1587 2143 23,
1600 2103 1642 2140 8:

77 2157 240 2191 Muneris
269 2157 400 2202 ecquid
428 2157 575 2191 habes?
604 2157 635 2191 Π
655 2156 690 2198 6,
709 2156 780 2204 25;
811 2157 872 2198 13,
890 2157 960 2204 58;
993 2157 1052 2194 16.
1071 2157 1140 2204 303
1176 2156 1226 2191 111
1250 2156 1308 2196 15,
1326 2155 1395 2203 223
1422 2155 1471 2190 III
1494 2155 1554 2197 16,
1576 2156 1643 2194 19:

78 2211 259 2258 sanguine
286 2212 364 2246 tam
393 2222 509 2257 parvo
539 2211 649 2257 quis
688 2211 784 2246 enim
813 2213 1014 2258 spargatur
1042 2211 1232 2247 amantis?
1270 2209 1318 2245 IV
1337 2209 1396 2251 11,
1411 2209 1480 2247 65;
1518 2209 1557 2245 in
1586 2221 1650 2246 me.

78 2267 260 2301 mutatum
289 2266 404 2311 quid
433 2266 505 2301 nisi
542 2267 624 2301 fata
651 2266 776 2301 velis?
819 2266 870 2301 IV
885 2266 921 2308 2,
939 2266 1008 2303 24:
1043 2277 1173 2312 meque
1201 2266 1319 2300 virum
1348 2266 1500 2311 sumpta
1529 2265 1642 2311 quis

78 2322 187 2366 neget
215 2331 298 2355 esse
327 2320 444 2365 toga?

204 2374 402 2410 Praeterea
433 2404 452 2423 „
467 2385 568 2410 cum
582 2373 601 2391 ‘⁴
635 2375 887 2410 coniunctioni
916 2374 1106 2410 vocabula
1124 2373 1336 2420 praemittit,
1359 2384 1586 2420 quamquam
1605 2374 1643 2409 in

83 2428 274 2464 sententia
292 2428 448 2474 obliqua
465 2439 603 2464 novum
623 2429 723 2463 inest
742 2429 968 2477 subiectum;
997 2430 1110 2474 atque
1129 2428 1243 2463 altero
1263 2427 1346 2462 loco
1367 2428 1476 2473 ponit
1497 2426 1641 2476 „cum“:

76 2483 93 2518 I
116 2483 151 2524 3,
176 2483 219 2518 9:
248 2482 338 2517 talis
366 2483 453 2518 visa
472 2482 640 2529 Cynthia,
672 2483 775 2518 ebria
794 2493 877 2518 cum
895 2483 1078 2518 traherem
1097 2480 1265 2527 vestigia.
1313 2481 1362 2516 111
1378 2481 1414 2523 9,
1432 2482 1481 2517 41
1505 2484 1573 2518 etc.
1588 2503 1643 2507 —

208 2610 231 2653 ¹)
257 2609 345 2649 ¹,Der
377 2609 678 2642 unterordnendeu
711 2609 961 2653 Konjunktion,
996 2610 1074 2643 dem
1106 2608 1258 2653 Relativ-
1293 2609 1363 2642 und
1397 2609 1641 2650 interrogativ-

76 2663 267 2697 pronomen
292 2652 427 2687 werden
449 2653 485 2686 in
508 2653 568 2686 der
581 2652 902 2697 Umgangssprache
924 2653 979 2687 oft
993 2653 1088 2687 Teile
1109 2653 1169 2686 des
1187 2652 1310 2686 Satzes
1324 2652 1640 2696 vorausgeschickt,

76 2697 207 2731 welche
228 2696 355 2740 gerade
382 2697 489 2730 durch
511 2696 742 2739 Wichtigkeit
771 2696 845 2730 sich
877 2697 955 2731 dem
977 2697 1082 2731 Sinne
1112 2696 1172 2729 des
1195 2695 1440 2739 Sprechenden
1470 2696 1640 2730 zunachst

73 2741 301 2784 auidi-ingen.
336 2739 400 2773 Mit
414 2739 512 2773 mehr
533 2740 585 2773 als
600 2739 686 2774 zwei
702 2739 942 2783 Satzgliedern
955 2739 1138 2784 geschieht
1160 2738 1233 2773 dies
1255 2749 1321 2774 nur
1335 2739 1640 2774 ausnahmsweise.
