1896 3179
831 758 983 827 vita.

253 894 375 929 Natus
390 905 474 930 sum
489 894 694 929 Guilelmus
707 892 891 929 Uhlmann
906 893 964 929 die
978 893 1070 928 vm.
1081 893 1220 929 mensis
1229 893 1251 928 J
1254 903 1315 928 un.
1326 905 1359 929 a.
1368 894 1683 931 MDCCCLXXXV

124 947 368 984 Himtieldiae
409 948 447 983 in
488 948 573 984 vico
615 946 848 983 Guestfaliae
885 948 991 993 patre
1029 946 1186 983 Henrico
1224 949 1340 983 matre
1376 947 1493 984 Maria,
1525 960 1545 984 e
1573 951 1681 995 gente

122 1001 373 1043 Moellenhotf,
413 1012 508 1048 quos
546 1001 769 1047 superstites
798 1011 882 1036 esse
909 1001 1019 1036 valde
1055 1002 1211 1046 gaudeo.
1267 1002 1368 1037 Fidei
1402 1003 1569 1038 addictus
1598 1014 1680 1038 sum

121 1054 340 1092 catholicae.
395 1055 615 1092 Litterarum
649 1054 839 1091 elementis
876 1055 915 1090 in
953 1054 1084 1091 schola
1119 1055 1271 1101 publica,
1299 1055 1426 1091 Susati
1459 1057 1583 1103 oppidi
1611 1057 1680 1092 im-

124 1111 249 1152 butus,
281 1120 356 1157 quo
384 1111 557 1156 parentes
586 1121 644 1145 me
672 1120 787 1156 puero
815 1109 972 1146 duorum
1001 1120 1181 1146 annorum
1216 1121 1257 1145 se
1285 1110 1525 1153 contulerant,
1555 1111 1681 1147 Archi-

120 1163 358 1211 gymnasium
396 1164 599 1200 Susatense
637 1163 714 1199 adii
752 1174 851 1199 anno
889 1163 1046 1210 proximi
1089 1164 1230 1199 saeculi
1271 1164 1462 1200 LXXXXV
1465 1165 1488 1200 1.
1542 1165 1681 1201 Deinde

123 1218 352 1255 maturItatis
388 1218 642 1254 testimonium
671 1219 869 1254 assecutus
897 1229 983 1253 vere
1011 1218 1101 1254 anni
1128 1217 1265 1254 Mch
1287 1218 1422 1255 studiis
1450 1219 1680 1265 philologieis

122 1283 181 1308 me
210 1272 341 1308 dedidi.
396 1273 450 1308 Ac
487 1272 643 1318 primum
671 1272 887 1318 F'riburgum
915 1272 1180 1317 Brisgavorum
1218 1273 1384 1318 migravi,
1422 1273 1485 1308 ubi
1512 1284 1577 1320 per
1604 1274 1679 1309 duo

122 1326 319 1364 semestris.
346 1328 519 1363 versatus
549 1338 650 1375 sum;
677 1326 762 1363 inde
790 1338 815 1362 a
833 1337 918 1363 vere
938 1327 1026 1363 anni
1054 1326 1246 1374 sequentis
1275 1337 1339 1373 per
1356 1327 1414 1363 bis
1443 1338 1508 1363 sex
1535 1338 1681 1364 menses

122 1381 339 1417 Monasterii
365 1383 539 1417 versatus
567 1392 652 1417 vere
681 1381 770 1421 anni
798 1380 966 1417 MGMVII
993 1381 1205 1417 Berolinum
1238 1392 1296 1416 me
1330 1382 1478 1423 contuli,
1507 1382 1604 1418 unde
1632 1384 1680 1418 ab

120 1437 302 1472 autumno
323 1435 488 1472 eiusdem
506 1436 595 1471 anni
610 1435 701 1471 redii
714 1435 990 1471 Mona-sterium.
1018 1435 1235 1471 Monasterii
1254 1438 1297 1471 ut
1315 1447 1378 1482 per
1396 1436 1469 1472 duo
1488 1437 1681 1472 semestria

124 1490 310 1526 seminarii
347 1490 488 1526 sodalis
523 1501 644 1526 essem
671 1489 786 1532 Kroll,
816 1490 1095 1532 Radermacher,
1137 1490 1380 1536 Sonnenburg
1412 1491 1563 1537 benigne
1592 1491 1680 1527 mihi

123 1544 377 1591 permiserunt.

252 1598 463 1635 nocuerunt
517 1609 574 1634 me
629 1598 699 1633 viri
745 1598 951 1634 doctissimi
991 1598 1267 1644 Friburgenses:
1314 1599 1429 1640 Diehl,
1473 1599 1678 1637 Fabricius.

123 1653 391 1695 Lommatzsch,
435 1653 676 1695 Reckendori,
721 1652 902 1694 Schmalz,
948 1653 1124 1695 Schmidt,
1167 1653 1358 1698 Uebinger,
1402 1653 1522 1695 Wahl,
1561 1653 1679 1694 Wolf;

122 1707 399 1745 Berolinenses:
445 1707 558 1749 Diels,
607 1706 724 1746 Helm.
773 1706 909 1743 Kecule
946 1718 981 1742 v.
1010 1707 1233 1749 Stradonitm
1285 1708 1323 1743 E.
1353 1707 1482 1754 Meyer,
1521 1707 1677 1749 Norden,

122 1762 166 1798 H.
187 1762 364 1804 Schmidt,
403 1762 462 1798 W.
482 1762 666 1804 Schultze,
706 1761 884 1804 Wentzel,
926 1773 962 1798 v.
982 1761 1507 1811 Wilamowitz-Moellendorf3
1548 1761 1679 1798 Mone-

120 1816 338 1854 sterienses:
366 1816 500 1858 Busse,
531 1816 659 1857 Cauer,
689 1816 907 1861 Ehrenberg,
939 1816 1049 1858 Erler,
1081 1817 1230 1862 Geyser,
1257 1817 1373 1858 Hitze,
1393 1817 1542 1858 Hosius,
1563 1817 1677 1855 Koch,

123 1870 268 1917 Koepp,
298 1869 412 1912 KroIl,
442 1869 658 1912 Mausbach,
689 1869 913 1912 Meinardus,
942 1869 1102 1912 Meister,
1123 1869 1331 1919 Meumann,
1348 1870 1517 1912 Niehues,
1539 1870 1679 1906 Rader—

123 1924 280 1966 macher,
311 1923 538 1971 Schwering,
569 1924 696 1965 Seeck,
727 1923 981 1970 Sonnenburg‚
1014 1925 1236 1970 Spannagel,
1273 1925 1432 1970 Spicker,
1468 1924 1678 1970 Streitberg,

118 1978 265 2014 Tobler.

253 2033 430 2068 Omnibus
468 2033 532 2079 qui
568 2040 626 2068 me
663 2033 867 2068 docuerunt
902 2034 1082 2078 quantum
1120 2033 1272 2068 debeam
1301 2044 1374 2069 non
1402 2033 1610 2073 obliviscar,
1641 2033 1679 2067 in

123 2086 250 2133 primis
287 2096 375 2122 vero
413 2086 566 2129 Krollio,
605 2085 908 2128 Rada-machoro,
954 2086 1233 2133 Sonnenburgio
1274 2087 1414 2133 gratias
1455 2096 1526 2132 ago
1569 2097 1681 2132 quam

123 2141 316 2177 maximas.
350 2142 474 2188 Atque
493 2141 540 2177 ad
560 2142 786 2189 postremum
804 2142 913 2187 grato
933 2141 1057 2177 animo
1077 2141 1254 2188 profiteor
1271 2142 1366 2177 hanc
1385 2140 1681 2177 dissertationem

119 2206 269 2232 summa.
304 2196 528 2232 liberalitate
566 2195 737 2232 suasisse
773 2197 887 2243 atque
925 2195 1067 2232 aluisse
1095 2196 1423 2242 Sonuenburgium,
1463 2195 1682 2241 magistrum

121 2251 169 2287 de
197 2262 255 2286 me
283 2251 420 2297 optime
448 2251 628 2293 meritum,
659 2250 889 2297 benigneque
918 2261 975 2286 me
1004 2250 1196 2288 adiuvisse
1224 2250 1478 2287 Schmalzium.
