1896 3179
63 1922 123 1955 lv.

529 474 758 542 Rerum
802 472 1140 559 dispositio,

161 672 214 706 De
237 672 423 713 partibus
446 671 672 706 sententiae
730 696 1441 704 ..............
1508 632 1618 703 ξῗὲθ

252 725 282 767 a)
306 724 348 757 de
370 725 564 768 praedicato
588 726 624 757 et
646 724 799 757 subiecto
834 750 1383 757 ...........
1505 723 1528 757 9
1541 723 1616 756 -18

253 768 283 810 b)
307 767 349 800 de
370 767 536 800 attributo
559 769 596 800 et
616 767 830 809 appositione
890 793 1438 800 ...........
1487 766 1529 799 18
1540 766 1613 799 -21

252 810 280 853 c)
304 811 346 843 de
367 810 564 843 notionibus
585 809 822 853 praedicativis
889 836 1438 843 ...........
1483 809 1615 842 21-22

252 854 283 896 d)
307 854 349 887 de
371 853 505 887 casibus
564 879 1437 887 .................
1483 853 1615 885 22-43

383 896 411 930 1.
435 897 477 929 de
499 896 695 929 accusativo
725 921 1436 929 ..............
1483 895 1615 928 28—29

379 940 410 973 2.
434 940 476 973 de
497 940 657 982 genetivo
726 965 1437 972 ..............
1483 938 1614 972 29—33

379 982 410 1017 3.
434 983 476 1016 de
499 983 615 1016 dativo
672 1009 1436 1017 ...............
1482 982 1615 1015 33-38

378 1025 409 1060 4.
434 1027 476 1060 de
497 1026 647 1059 ablativo
672 1026 718 1064 (et
738 1025 899 1067 locativo)
940 1052 1435 1059 ..........
1480 1025 1613 1058 38—43

250 1069 279 1110 e)
303 1069 345 1101 de
367 1068 674 1111 praepositionibus
723 1094 1435 1102 ..............
1480 1067 1614 1100 43-49

256 1111 281 1154 f)
304 1111 346 1144 de
368 1112 472 1145 verbo
494 1110 629 1144 infinito
671 1137 1436 1145 ...............
1480 1109 1613 1144 49-56

380 1154 408 1189 1.
432 1155 475 1188 de
495 1154 666 1188 infinitivo
724 1179 1435 1189 ..............
1479 1154 1557 1188 49-
1568 1154 1612 1188 53

377 1198 408 1232 2.
432 1199 474 1231 de
495 1198 658 1240 gei-undio
682 1200 718 1231 et
739 1198 926 1240 gerundivo
994 1223 1435 1232 .........
1481 1197 1612 1230 53-54

376 1241 406 1275 3.
431 1242 473 1274 de
495 1241 671 1284 participio
723 1268 1434 1275 ..............
1480 1240 1612 1274 54-56

157 1317 211 1351 De
233 1317 437 1351 sententia
459 1317 632 1357 simplici
669 1341 1435 1350 ...............
1480 1316 1612 1349 57-64

246 1369 277 1412 a)
300 1370 342 1402 de
364 1368 542 1402 sententiis
563 1368 816 1411 interrogativis
883 1395 1432 1402 ...........
1478 1368 1610 1402 57-58

245 1413 277 1456 b)
300 1413 343 1446 de
364 1411 474 1446 modis
495 1412 677 1445 verborum
721 1439 1434 1446 ..............
1479 1411 1608 1446 58—61

378 1456 406 1489 1.
430 1456 472 1489 de
493 1455 677 1488 indicativo
721 1482 1434 1489 ..............
1480 1456 1610 1488 58—59

374 1499 405 1533 2.
429 1499 471 1532 de
493 1498 709 1531 coniunctivo
775 1524 1433 1533 .............
1479 1498 1611 1532 59-60

375 1542 405 1576 3.
430 1543 472 1575 de
492 1541 696 1585 imperativo
721 1568 1434 1576 ..............
1479 1541 1607 1575 60-61

246 1585 277 1625 c)
300 1586 342 1618 de
363 1586 575 1628 temporibus
596 1585 779 1618 verborum
831 1612 1434 1619 ............
1479 1584 1612 1619 61-64

246 1628 277 1672 d)
300 1629 342 1663 de
363 1629 543 1672 generibus
565 1629 745 1662 verborum
777 1654 1434 1663 .............
1566 1630 1611 1662 64

156 1705 210 1739 De
233 1705 535 1739 coordinatione
559 1728 1435 1738 .................
1480 1703 1611 1738 65-72

244 1760 275 1800 a)
298 1758 341 1792 de
363 1758 620 1792 coordinatione
642 1757 786 1801 simplici
830 1783 1433 1793 ............
1478 1758 1610 1792 65-66

244 1802 277 1843 b)
300 1802 342 1833 de
365 1802 621 1834 coordinatione
643 1802 889 1834 sententiarum
903 1801 982 1833 loco
996 1801 1286 1833 subordinationis
1304 1801 1432 1843 scripta
1476 1801 1608 1833 66—oe

246 1844 274 1887 c)
298 1843 340 1876 de
363 1843 658 1877 coniunctionibus
678 1844 713 1876 in
736 1843 990 1877 coordinatione
1011 1842 1174 1877 adhibitis
1208 1869 1433 1878 .....
1478 1843 1608 1877 68-72

153 1922 207 1955 De
229 1921 560 1955 subordinatione
610 1944 1431 1954 ................
1474 1919 1607 1953 73-83

243 1974 274 2016 a)
298 1974 340 2007 de
363 1973 604 2007 consecutione
625 1975 819 2017 temporum
881 1998 1430 2008 ...........
1561 1973 1606 2007 73

243 2017 276 2060 b)
300 2018 342 2051 de
365 2017 543 2051 sententiis
564 2017 819 2060 interrogativis
841 2017 987 2061 obliquis
1043 2042 1428 2051 ........
1473 2017 1604 2050 73-75

243 2061 271 2103 c)
294 2061 336 2094 de
358 2060 537 2094 sententiis
558 2061 709 2094 relativis
771 2085 1427 2095 .............
1472 2060 1604 2094 ’75-77

242 2104 274 2147 d)
297 2104 340 2138 de
362 2103 657 2137 coniunctionibus
677 2103 713 2136 in
734 2103 1013 2138 subordinatione
1034 2103 1195 2137 adhibitis
1257 2130 1264 2137 .
1311 2130 1318 2137 .
1365 2130 1373 2137 .
1420 2130 1427 2138 .
1473 2103 1604 2137 ''N—821

149 2181 202 2216 De
224 2181 412 2222 partibus
435 2181 629 2216 orat1on1s
652 2180 852 2222 singulari
873 2180 1033 2215 ratione
1055 2180 1265 2221 usurpatis
1311 2204 1318 2212 .
1365 2206 1373 2213 .
1419 2205 1428 2214 .
1471 2179 1605 2214 83-88

241 2245 264 2268 a
296 2235 338 2268 de
359 2233 594 2274 substantivis,
616 2233 793 2267 adiectivis
814 2233 1049 2276 adverbiisque
1094 2257 1428 2268 .......
1472 2233 1604 2267 83—84

242 2278 263 2311 b
297 2278 339 2311 de
361 2277 617 2321 pronominibus
662 2301 1428 2311 ...............
1472 2277 1603 2311 85-86

241 2321 269 2364 c)
292 2322 335 2355 de
356 2321 585 2355 numeralibus
609 2345 1430 2355 ................
1473 2320 1604 2355 86-87

169 2407 172 2409 q
240 2365 272 2408 d)
295 2365 337 2398 de
359 2365 471 2398 verbis
500 2388 1431 2398 ..................
1559 2365 1604 2399 87

240 2409 269 2451 e)
292 2408 335 2442 de
356 2408 531 2451 particulis
554 2431 1429 2442 .................
1472 2408 1605 2441 87-88

149 2484 203 2519 De
224 2485 546 2526 proprietatibus
569 2484 805 2526 quibusdam
827 2483 1121 2518 sententiarum
1144 2484 1382 2520 structurae
1419 2511 1427 2518 .
1472 2484 1603 2518 89-94

239 2548 261 2571 a
293 2539 336 2572 de
358 2538 585 2572 collocatione
607 2538 786 2571 verborum
825 2558 1428 2572 ............
1472 2538 1601 2572 89-91

240 2582 260 2614 b
295 2582 337 2615 de
358 2582 548 2615 variatione
570 2583 606 2614 et
628 2582 785 2615 ubertate
807 2580 970 2614 orationis
1037 2605 1428 2616 ........
1472 2582 1602 2615 91-93

240 2624 1427 2669 ο)ᾱθὶ)ι·θνί1οᾳιιθιιῑὶα....,.........;
1558 2625 1602 2660 94
