1896 3179
839 146 1108 184 -98—

181 261 286 294 parco
309 261 333 284 c.
357 251 418 293 inf.
443 251 496 284 50.

184 294 389 344 parenthesis
410 294 463 326 67.

186 337 416 380 participium:
432 337 497 369 fut.
513 337 629 369 attrib.
646 337 699 369 54.
717 337 807 379 perf.
819 338 939 380 praed.

226 392 291 424 pro
305 380 402 414 verbo
417 381 558 423 simplici
572 380 625 414 28.
642 380 695 414 54.
723 381 807 423 perf.
823 383 859 414 et
874 382 939 415 fut.

231 424 344 466 praed.
368 423 421 457 54.
445 424 552 457 futuri
575 434 627 467 ap.
651 424 757 457 verba
778 425 940 458 movendi

229 468 283 500 48.
318 468 448 510 partic„
483 468 536 500 cui
565 478 646 500 vera
674 467 818 501 subiecti
841 468 939 501 notio

231 512 330 550 inest,
359 493 516 544 attributi
539 511 654 544 locum
677 513 775 544 tenet
798 511 850 544 55.

182 555 298 597 patior
316 565 379 597 per
402 555 503 597 ellips.
528 555 696 588 omittitur
721 555 770 588 10.

187 608 296 639 paveo
319 601 362 630 tr.
378 597 431 629 24.

186 641 301 683 peiero
325 651 353 673 c.
377 650 447 673 acc.
472 650 500 673 c.
522 640 584 674 inf.
601 641 655 673 52.

187 684 276 726 pello
301 694 329 716 c.
352 684 418 716 abl.
443 694 514 726 sep.
536 684 590 716 41.

183 727 318 769 penitus
340 727 393 758 84.

186 780 246 812 per
268 770 363 802 instr.
386 770 440 803 45.

181 814 367 856 perfectum
382 825 450 857 pro
473 814 540 855 fut.
564 814 618 847 62.

183 857 319 899 perfero
341 868 365 890 c,
391 867 455 891 acc.
479 868 504 890 c.
528 858 590 899 inf.
615 858 668 890 52.

187 900 375 942 persuadeo
400 901 472 934 abs.
489 900 542 933 23.
580 903 622 934 tr.
646 901 700 933 24.

187 945 269 986 peto
294 955 321 976 c.
346 944 415 977 ubl.
439 954 508 987 sep.
533 945 585 977 41.

187 988 289 1029 pigeo
313 989 355 1018 tr.
380 987 434 1020 2-1.

182 1030 303 1072 plenus
325 1040 350 1063 c.
374 1030 435 1064 abl.
459 1030 513 1062 32.

181 1075 397 1115 pleonasmus
419 1084 470 1116 ap.
493 1085 566 1112 qen.
590 1073 673 1106 subi.
689 1073 733 1105 29
767 1073 820 1113 (cs.
837 1073 942 1105 abun-

233 1116 369 1157 dantia).

181 1160 280 1202 ploro
302 1159 356 1192 87.
391 1170 419 1192 c.
442 1169 512 1192 acc.
539 1169 565 1191 c.
590 1159 651 1191 inf.
675 1158 728 1191 52.

182 1203 351 1245 plurimus
372 1203 426 1236 83.

187 1246 452 1321 plusqu4amperf.
475 1246 530 1278 62.
563 1257 624 1288 pro
644 1246 732 1288 perf.
755 1245 809 1278 62.

187 1299 276 1332 pone
320 1290 352 1323 4.

182 1343 272 1375 pono
293 1334 345 1366 87.
383 1343 410 1365 c.
434 1333 501 1365 a-bl.
526 1332 578 1365 42.

188 1385 293 1418 posco
318 1386 345 1410 c.
370 1386 440 1409 acc.
465 1376 557 1418 dupl.
581 1376 633 1407 28.

188 1422 268 1462 post
289 1419 343 1451 44.

180 1463 354 1505 postmodo
377 1463 420 1494 88

181 1508 361 1549 postquam
383 1517 408 1539 c.
401 1507 637 1582 4ἐι1ιιεᾳιιωη1).
662 1507 713 1539 79

184 1561 269 1592 prae
291 1560 378 1583 caus.

187 1593 419 1635 praedicativa
444 1593 493 1625 18.

188 1637 437 1678 praedicatum:
477 1645 638 1668 numerus
676 1645 745 1668 non
784 1636 942 1677 congruit

233 1690 310 1712 cum
341 1679 426 1712 subi.
453 1679 502 1711 16.
549 1678 779 1721 cumpluribus
806 1678 942 1712 additur

231 1723 316 1755 subi.
340 1723 387 1754 16.
421 1732 531 1764 genus
546 1722 729 1764 praedicati
747 1723 798 1755 17.
827 1733 847 1754 a
864 1722 941 1755 sub-

231 1767 322 1799 iecto
347 1768 544 1807 comparato
570 1765 696 1807 pendet
722 1765 770 1797 17.
814 1767 858 1798 ab
881 1776 941 1807 ap-

232 1809 402 1851 positione
425 1808 552 1850 pendet
570 1809 619 1840 17.
655 1818 676 1840 a
691 1808 830 1841 nomine
845 1818 941 1851 prae-

233 1853 380 1885 dicativo
403 1852 530 1894 pendet
547 1851 596 1885 17.
620 1852 746 1895 synesis
769 1852 806 1886 in
823 1852 939 1895 praed.

231 1906 368 1928 namen-o
394 1896 444 1927 17.

188 1939 363 1971 Praenesti
385 1938 438 1970 43.

187 1982 478 2025 praepositionum
501 1981 683 2014 colloca-tio
706 1981 760 2015 48.

183 2037 341 2068 praesens
359 2036 424 2068 pro
445 2025 502 2067 fut
517 2026 570 2058 61.
610 2036 673 2067 pro
694 2026 847 2068 perfecto
864 2026 918 2059 62.

183 2079 301 2111 precor
323 2079 347 2102 c.
416 2071 480 2102 rat.
505 2069 558 2101 68.

190 2123 250 2155 pro
275 2113 334 2144 fin.
445 2112 638 2154 qualitatem
659 2111 775 2153 sio-nis.
799 2111 852 2145 47.

183 2155 324 2199 procedo
347 2166 372 2189 c.
396 2136 460 2197 inf.
483 2155 535 2188 49.

189 2199 307 2241 procul
331 2210 358 2232 c.
383 2199 448 2232 abl.
473 2210 533 2241 sep
536 2199 624 2232 ,41

190 2242 318 2284 prodeo
343 2252 371 2273 c
395 2242 461 2274 abl.
487 2252 558 2284 sep.
581 2243 634 2273 41.

184 2285 369 2328 proloquor
390 2295 414 2318 c.
432 2288 548 2329 parat.
572 2285 624 2318 68.

190 2339 396 2371 pronomen:
431 2339 564 2371 person.
597 2330 698 2362 verba
732 2330 941 2363 abundanter

232 2372 365 2404 subiecti
377 2372 442 2404 loco
456 2371 593 2405 additur
609 2372 657 2404 14.
678 2372 789 2414 reflex.
806 2373 843 2406 in
857 2375 938 2406 sent.

234 2415 378 2449 obiectiv.
401 2415 454 2449 85.
489 2415 727 2449 demonstrat:
752 2427 816 2459 per
838 2416 940 2450 abun-

233 2460 389 2492 dantiam
399 2459 517 2501 repetit
528 2459 608 2491 subi.
626 2459 675 2491 15.
692 2460 836 2492 subiecti
849 2460 941 2492 vices

232 2504 330 2535 tenet
355 2501 404 2534 17.
418 2511 479 2543 pro
491 2511 568 2543 gen.
583 2502 647 2534 obi.
672 2503 725 2536 30.
745 2504 827 2535 ante
843 2503 939 2536 relat.

233 2545 404 2578 omittitur
419 2545 472 2577 85.
492 2556 588 2587 pron.
608 2556 766 2588 prossess.
785 2558 852 2589 pro
865 2558 938 2589 qen.

233 2590 293 2622 obi.
310 2590 362 2622 30.
394 2598 488 2630 pron.
507 2589 649 2621 relativo
666 2590 800 2622 additur
815 2600 939 2622 nomen

188 2657 333 2719 propero
357 2678 399 2709 tr.
423 2675 477 2709 25.
512 2685 537 2709 c.
561 2675 623 2718 inf.
646 2675 700 2709 49.

183 2730 332 2763 propono
356 2719 496 2763 (repono)
512 2730 537 2752 c.
553 2722 684 2752 structa
708 2720 745 2753 in
767 2731 791 2753 c.
808 2720 939 2753 (wa—18.

190 2765 328 2806 propter
350 2764 411 2796 fin.
434 2762 488 2796 45.

1008 252 1119 295 pudeo
1143 253 1184 284 tr.
1208 251 1260 285 24.

1006 305 1121 338 pugno
1145 305 1172 328 c.
1197 295 1265 328 dat.
1289 294 1342 327 34.

1001 338 1096 381 pulso
1119 338 1186 370 aba.
1209 338 1263 371 23.

1003 384 1085 424 puto
1106 392 1130 415 c.
1151 381 1324 424 puratos,

1008 478 1132 511 quaero
1157 478 1184 500 c.
1209 468 1268 501 inf.
1293 468 1344 501 50.

1008 511 1264 555 qualiscumque
1285 511 1390 545 indes.
1413 512 1466 545 86.

1007 566 1107 598 quam
1124 557 1200 598 post
1223 555 1316 589 aliud
1331 555 1384 589 77.
1407 555 1444 589 in
1466 556 1661 590 ewclam.77.
1685 566 1758 589 cum

1050 598 1207 631 coniimct.
1225 600 1347 641 potant.
1370 599 1423 632 77.

1007 642 1154 683 quamvis
1175 652 1200 674 c.
1223 641 1293 674 ind.
1316 641 1370 675 76.

1007 686 1138 727 quando
1161 686 1212 718 78.

1009 728 1127 770 quanti
1142 742 1186 753 =
1200 729 1286 770 quot
1308 727 1362 760 86.

1009 773 1174 814 quantum
1196 771 1272 804 adv.
1296 771 1348 804 27.

1009 825 1075 858 que
1097 815 1148 848 69.
1181 824 1268 857 que·
1277 824 1343 858 que
1365 815 1416 847 70.
1440 814 1477 847 in
1501 825 1610 857 appas.
1611 814 1664 848 69.
1696 824 1756 856 pro

1053 868 1189 907 quoque
1211 858 1263 891 70.

1008 901 1074 943 qui,
1105 901 1178 943 quis
1204 912 1301 944 pron.
1324 901 1480 943 interrog.
1504 900 1758 943 confunduntur

1009 988 1088 1028 quia
1110 989 1162 1020 77.

1009 1030 1212 1073 quicumque
1234 1030 1294 1063 int.
1319 1030 1371 1064 75.
1406 1030 1507 1063 indef.
1530 1030 1582 1063 86.

1007 1073 1085 1114 quid
1100 1088 1144 1099 =
1158 1084 1217 1106 cur
1239 1074 1291 1107 58.

1008 1116 1144 1209 (Ῑιιᾷιι-
1106 1131 1145 1142 =
1164 1116 1245 1159 quin
1274 1117 1377 1149 etiam
1405 1116 1457 1149 82,
1497 1117 1534 1150 in
1559 1116 1758 1159 gradatione

1005 1202 1080 1253 quis
1101 1202 1205 1244 indes.
1225 1213 1289 1245 pro
1316 1203 1415 1245 „qui“
1438 1203 1490 1236 85.

1007 1246 1178 1296 quisquam
1200 1246 1315 1279 adiect.
1338 1246 1392 1279 86.

1008 1289 1162 1338 quisquis
1183 1289 1287 1322 indes.
1311 1289 1364 1322 86.

1008 1332 1128 1381 quodsi
1151 1333 1204 1365 85.

1008 1375 1169 1419 quoniam
1181 1376 1233 1409 79.

1007 1472 1044 1495 ra
1066 1462 1100 1494 io
1125 1472 1154 1495 c.
1177 1462 1245 1495 dat.
1269 1463 1322 1495 33.

1008 1516 1043 1538 re
1057 1516 1122 1538 evo
1146 1505 1218 1538 abs.
1241 1506 1294 1538 23.

1006 1549 1182 1592 requiesco
1207 1559 1234 1582 c.
1258 1549 1322 1583 abl.
1346 1550 1441 1583 iustr.
1464 1549 1518 1582 40.

1006 1603 1116 1625 revoco
1134 1603 1272 1677 parv-43
1294 1604 1381 1626 nom.
1405 1603 1429 1627 c.
1453 1593 1517 1635 inf.
1541 1593 1593 1626 52.

1006 1646 1070 1669 ruo
1092 1646 1117 1669 c.
1140 1647 1175 1668 m
1196 1660 1205 1667 .
1274 1661 1281 1669 .

1008 1722 1091 1755 satis
1113 1722 1164 1755 84.

1008 1765 1114 1798 satius
1135 1765 1188 1797 84.

1009 1808 1069 1840 sed
1091 1808 1144 1841 70.
1178 1811 1274 1841 νοεὶν,
1299 1808 1351 1840 70.

1008 1852 1111 1884 sedeo
1136 1862 1163 1884 c.
1187 1852 1252 1885 abl.
1276 1852 1372 1885 instr.
1395 1852 1448 1884 40.

1008 1896 1103 1928 semel
1124 1895 1229 1936 indes.
1253 1896 1306 1928 87.

1009 1938 1177 1970 sementi-1
1192 1938 1247 1970 rel·
1241 1937 1335 1970 stiva
1346 1938 1551 1980 appositioni
1567 1939 1759 1972 adnectitui

1009 2009 1105 2058 serus
1128 2036 1156 2058 c.
1180 2025 1239 2057 inf.
1263 2025 1316 2058 49.

1008 2068 1136 2101 seveho
1161 2079 1187 2101 c.
1212 2068 1278 2101 abl.
1302 2078 1370 2110 sep.
1393 2068 1448 2101 41.

1009 2111 1053 2144 si:
1077 2112 1115 2144 in
1136 2112 1294 2154 inter-roy.
1310 2111 1363 2145 75.
1401 2112 1435 2144 in
1459 2114 1545 2145 sent.
1569 2112 1699 2145 condic.
1715 2114 1759 2146 79

1052 2156 1147 2197 (vulg.
1171 2157 1231 2188 aut
1265 2155 1353 2189 arch.
1383 2165 1472 2189 usus.
1501 2156 1538 2190 in
1565 2158 1644 2190 sent.
1668 2157 1758 2190 cond.

1050 2200 1180 2240 fflss‚y;
1215 2199 1328 2239 Ββιγῖ
1356 2200 1397 2231 81
1423 2200 1464 2239 C}
1498 2200 1650 2241 Da‚ss‚7,
1684 2201 1757 2239 62⁶}

1039 2242 1168 2319 ὁῗι21ἳὲξῖ
1199 2242 1304 2274 verbis
1325 2243 1532 2285 ems-poetandi
1552 2243 1690 2276 additur
1704 2244 1757 2276 82.

1007 2297 1037 2320 si
1084 2296 1103 2319 o
1172 2311 1177 2317 .

1008 2332 1055 2363 sic
1076 2330 1130 2362 79.
1153 2329 1249 2361 sic-ut
1271 2329 1322 2363 79.

1008 2373 1118 2406 siccus
1142 2382 1168 2404 c.
1193 2372 1258 2405 abl.
1281 2372 1337 2405 41.
1366 2388 1369 2390 >

1007 2417 1107 2450 sicine
1129 2415 1180 2449 57.

1009 2461 1036 2492 si
1060 2459 1163 2492 modo
1182 2459 1233 2492 82.

1009 2502 1131 2535 simulo
1156 2512 1182 2535 c.
1207 2502 1266 2535 inf.
1291 2503 1342 2535 50.

1007 2546 1037 2579 si
1059 2545 1133 2588 quis
1148 2561 1187 2572 =
1205 2546 1261 2588 qui
1283 2547 1335 2580 77.

1007 2590 1087 2623 sisto
1109 2599 1133 2621 c.
1157 2600 1219 2622 acc.
1239 2590 1357 2632 praed.
1381 2590 1432 2623 28.

1009 2633 1037 2665 si
1060 2634 1175 2664 tamen
1197 2633 1251 2666 82.

1009 2676 1171 2709 sive-sive
1193 2686 1287 2710 conc.
1312 2677 1364 2710 82.

1009 2720 1106 2752 solvo
1131 2730 1157 2752 c.
1181 2720 1246 2753 abl.
1272 2731 1340 2763 sep.
1363 2720 1416 2753 41.

1009 2765 1126 2806 specto
1151 2774 1178 2798 c.
1202 2774 1272 2797 acc.
1297 2775 1324 2796 c.
1348 2764 1414 2797 inf.
1432 2764 1485 2797 52.
