1896 3179
89 362 255 398 cluentes
276 360 347 396 sibi
366 360 499 396 volunt
517 372 601 397 esse
620 361 767 397 multos.
816 361 1041 408 Saepissime
1065 372 1142 408 pro
1167 361 1425 408 pronomine
1453 360 1647 396 relativo

90 415 298 462 parataxi
336 415 541 451 adhibita
576 416 789 462 Propertius
818 416 975 452 scribere
1002 416 1149 452 videtur
1176 414 1644 454 demonstrativum,

87 471 150 507 ut:
177 469 193 504 I
213 468 248 510 3,
270 468 341 504 45:
371 480 427 504 me
455 469 625 505 iucundis
646 497 653 505 .
675 500 682 507 .
703 498 711 506 .
741 481 854 516 sopor
871 470 1019 517 impulit
1036 470 1128 512 alis,
1149 470 1216 506 illa
1233 470 1305 505 fuit
1319 497 1327 505 .
1345 496 1353 505 .
1366 497 1374 505 .
1395 469 1529 505 ultima
1546 479 1646 504 cura.

89 525 121 560 ΙΙ
142 523 267 566 9,·31:
295 523 404 559 vobis
423 523 532 559 facile
551 527 630 560 est.
648 552 655 560 .
671 552 679 560 .
709 536 925 571 componere
943 525 1110 562 fraudes:
1138 525 1210 561 hoc
1228 536 1343 560 unum
1362 524 1492 560 didicit
1507 523 1648 559 femina

87 588 231 622 semper
244 588 350 622 opus.
388 577 435 612 111
451 578 511 620 12,
529 578 599 613 30:
620 579 783 624 mugisse
797 579 996 617 iuvencos:
1015 581 1171 624 paverat
1183 579 1253 614 hos
1265 579 1463 624 Lampetie.
1500 578 1518 613 1
1528 578 1566 619 9,
1583 578 1648 624 173

92 632 151 674 12,
174 631 218 681 73
251 631 311 674 15,
337 631 402 680 103
431 632 494 675 20,
516 632 562 681 5;
589 633 620 669 11
644 633 704 673 13.
727 633 799 682 553
831 633 890 676 15,
913 633 985 682 213
1017 633 1077 673 16,
1100 633 1162 669 51.
1209 633 1384 669 Similiter
1402 633 1514 670 etiam
1542 643 1646 669 sen-

85 687 256 722 tentias
294 687 631 723 condicionales
673 699 738 733 per
779 688 976 733 parataxin
1012 688 1108 724 inter
1145 699 1185 722 se
1223 689 1383 723 conserit
1416 690 1538 733 poeta,
1583 690 1644 724 ut:

85 742 100 776 I
124 740 183 782 19,
208 740 276 776 19:
316 751 412 787 quae
439 743 482 776 tu
509 741 599 777 viva
626 753 709 777 mea
736 741 862 788 possis
891 741 1026 777 sentire
1053 740 1202 780 favilla!
1239 743 1319 777 tum
1347 742 1436 777 mihi
1463 752 1540 777 non
1567 741 1644 777 ullo

85 806 183 831 mors
212 795 263 830 sit
290 806 418 831 amara
444 796 526 831 loco
546 796 604 842 (de
623 796 807 842 particula
828 793 954 843 „tum“
975 796 1015 830 in
1033 796 1080 835 iis
1100 796 1293 832 sententiis
1313 796 1481 832 adhibita
1498 796 1643 832 Rothst.

86 849 169 884 adn.
190 849 289 890 114,
316 850 387 896 11).
424 850 456 884 11
476 850 512 891 8,
534 851 579 884 4:
608 850 729 895 ipsum
750 860 807 884 me
826 849 973 894 iugula:
1000 848 1118 885 lenior
1135 849 1256 884 hostis
1276 860 1337 884 ero
1358 849 1415 895 (de
1434 850 1505 885 hac
1524 852 1644 884 struc-

87 906 186 945 tura,
225 903 264 938 in
301 914 377 949 qua
415 904 569 939 alterum
608 904 809 939 membrum
846 903 1090 949 imperativus
1123 905 1184 940 est
1209 914 1244 937 v.
1275 903 1545 939 Jahn-Kroll
1572 904 1643 939 Cic.

86 958 187 994 Brut.
209 957 280 1005 683
309 958 357 993 ad
385 958 483 993 hunc
511 958 633 993 locum
651 957 848 993 Rothstein
881 957 964 1005 „die
983 956 1100 998 Form,
1122 957 1252 1003 inquit,
1281 957 1344 992 der
1362 957 1642 1002 Aufforderung,

88 1012 145 1046 die
182 1011 326 1058 logisch
353 1022 424 1047 nur
452 1012 522 1047 den
548 1011 654 1047 Wert
681 1011 784 1047 eines
812 1011 1178 1060 Bedingungssatzes
1206 1009 1321 1058 hat“).
1368 1011 1484 1053 1121,
1507 1011 1550 1049 5:
1589 1014 1647 1048 tot

86 1066 246 1112 periere:
274 1067 366 1101 nihil
394 1067 537 1112 pudet?
584 1066 616 1101 11
636 1066 700 1108 25,
721 1066 794 1101 42:
813 1066 963 1101 vidistis
983 1065 1093 1111 pleno
1112 1068 1275 1101 teneram
1296 1066 1454 1102 candore
1472 1066 1643 1112 puellam,

86 1120 236 1156 vidistis
247 1120 372 1159 fusco:
392 1121 495 1156 ducit
507 1123 661 1167 uterque
681 1120 790 1156 color.
829 1120 978 1156 vidistis
998 1120 1185 1166 quandam
1200 1120 1341 1165 Argiva
1354 1120 1499 1167 prodire
1512 1120 1644 1167 figura,

85 1175 236 1210 vidistis
265 1177 431 1212 nostros:
459 1178 616 1221 utraque
644 1176 765 1211 forma
783 1175 890 1221 rapit.
937 1175 1043 1217 1112,
1070 1175 1194 1223 1—8;
1222 1174 1271 1210 111
1291 1175 1327 1216 3,
1350 1175 1421 1223 233
1449 1174 1499 1209 1v
1519 1174 1555 1216 2,
1578 1175 1646 1222 233

83 1230 134 1265 IV
153 1230 189 1271 5,
212 1231 273 1266 37.
320 1230 500 1276 Imprimis
528 1231 587 1265 his
616 1230 714 1265 addo
742 1230 812 1266 hos
841 1231 964 1267 locos:
993 1230 1041 1264 IV
1061 1230 1096 1271 2,
1120 1230 1192 1266 37:
1223 1232 1401 1275 suppetat
1428 1230 1509 1271 hoc,
1530 1230 1645 1275 piscis

82 1284 228 1320 calamo
257 1285 481 1332 praedabor3
510 1284 560 1319 IV
580 1285 615 1326 5,
638 1284 681 1319 9:
710 1284 776 1319 illa
798 1284 899 1326 velit,
929 1284 1066 1329 poterit
1083 1294 1236 1330 magnes
1254 1294 1332 1319 non
1350 1284 1484 1320 ducere
1501 1284 1646 1319 ferrum.

87 1338 137 1373 IV
158 1339 193 1380 5,
220 1339 287 1373 11:
317 1339 481 1374 Collinas
510 1339 559 1373 ad
576 1339 719 1374 fossam
740 1338 896 1374 moverit
913 1339 1059 1379 herbas,
1082 1338 1225 1373 stantia
1243 1338 1402 1373 currenti
1421 1338 1647 1373 diluerentur

84 1404 197 1439 aqua.
246 1393 447 1428 Schmalz
476 1405 509 1439 p.
531 1393 631 1441 3543
668 1393 785 1438 Leky
813 1404 848 1438 p.
868 1393 933 1434 42,
973 1393 1037 1438 qui
1074 1394 1218 1438 praeter
1244 1392 1378 1438 Apulei
1407 1403 1519 1428 usum
1547 1392 1645 1428 alios

86 1457 233 1493 quoque
261 1447 399 1493 profert
425 1448 540 1489 locos,
581 1447 795 1493 praesertim
823 1458 843 1482 e
871 1447 1032 1482 comicis.
1084 1446 1152 1482 His
1181 1447 1273 1482 locis
1302 1446 1528 1493 adiungendi
1556 1447 1645 1482 mihi

83 1513 170 1538 esse
198 1502 369 1537 videntur
396 1502 450 1537 illi
478 1502 562 1542 loci,
594 1502 730 1548 quibus
759 1502 961 1537 secundum
989 1512 1098 1537 usum
1118 1501 1337 1537 familiarem
1356 1502 1644 1537 coordinatio

82 1558 144 1591 est
170 1566 236 1600 pro
265 1556 508 1591 sententiis
537 1556 828 1591 concessivis.
877 1555 1077 1590 Schmalz
1105 1566 1139 1601 p.
1161 1556 1249 1590 354.
1278 1575 1333 1580 —
1352 1556 1459 1601 Prop.
1478 1556 1495 1589 I
1513 1556 1574 1596 15,
1592 1556 1643 1590 32

86 1610 139 1646 sis
178 1610 435 1656 quodcumque
473 1610 589 1652 voles,
629 1621 703 1646 non
742 1609 866 1645 aliena
900 1612 1026 1645 tamen
1054 1607 1162 1656 (eris).
1209 1609 1242 1644 II
1265 1610 1324 1651 13,
1348 1609 1418 1645 51:
1447 1611 1491 1645 tu
1517 1611 1644 1645 tamen

84 1665 224 1699 amisso
243 1675 318 1699 non
336 1675 537 1710 numquam
555 1664 664 1699 flebis
684 1664 819 1701 amieo:
840 1663 935 1709 (etsi)
962 1664 1023 1699 fas
1043 1666 1102 1698 est
1119 1664 1336 1708 praeteritos
1357 1674 1501 1709 semper
1519 1674 1644 1699 amare

81 1718 193 1753 viros.
241 1718 274 1753 II
294 1718 357 1760 25,
380 1718 450 1753 45:
479 1718 618 1764 illaque
646 1717 789 1764 plebeio
807 1718 868 1753 vel
885 1717 937 1753 sit
956 1717 1130 1763 sandycis
1150 1717 1306 1755 amictu:
1335 1717 1426 1753 haec
1445 1719 1559 1763 atque
1577 1717 1644 1753 illa

84 1773 173 1808 mali
200 1772 363 1808 vulneris
392 1783 469 1808 una
487 1773 552 1808 via
580 1775 646 1808 est.
686 1772 718 1807 11
734 1772 797 1814 34,
815 1771 886 1808 83:
907 1774 975 1807 aut
993 1772 1062 1807 sim
1082 1772 1199 1807 minor
1218 1782 1298 1809 ore:
1319 1782 1478 1807 canorus
1498 1772 1642 1807 anseris

86 1827 237 1862 indocto
257 1827 417 1862 carmine
437 1827 552 1863 cessit
570 1827 658 1863 olor.
679 1826 729 1862 IV
747 1826 780 1869 1,
801 1826 893 1862 141:
913 1828 952 1862 et
968 1827 1060 1862 bene
1080 1826 1265 1862 confixum
1285 1825 1398 1862 multo
1419 1825 1642 1862 discusseris

82 1892 229 1923 uncum,
258 1882 311 1917 nil
339 1882 407 1916 erit
425 1882 505 1917 hoc.
543 1881 575 1916 11
598 1882 657 1922 14,
684 1882 749 1929 173
777 1881 826 1916 111
847 1883 881 1923 5,
905 1881 949 1929 93
969 1881 1018 1916 111
1036 1881 1095 1923 18,
1117 1881 1163 1916 17
1185 1891 1286 1926 sequ.
1316 1881 1363 1915 1V
1382 1881 1442 1921 11,
1459 1881 1522 1916 49.

209 1936 416 1971 Referenda
443 1936 515 1971 huc
543 1936 690 1971 videtur
717 1935 783 1971 illa
812 1946 958 1981 quoque
987 1936 1289 1981 parenthesis,
1321 1946 1417 1980 quae
1437 1935 1518 1970 sine
1552 1946 1641 1970 0011-

81 1989 269 2025 iunctione
283 1990 479 2025 sententiis
488 1990 673 2031 inseritur,
686 1990 749 2035 qui
758 2000 853 2024 usus
863 1989 1059 2036 praecipue
1074 1989 1253 2024 sermonis
1262 1988 1456 2024 familiaris
1470 1989 1641 2035 proprius

82 2046 150 2082 est.
184 2044 385 2079 Schmalz
404 2055 438 2089 p.
451 2045 546 2092 3403
564 2044 680 2090 Leky
699 2055 733 2089 p.
744 2044 814 2091 423
828 2044 918 2079 Lor.
934 2043 1066 2079 adMil.
1082 2043 1177 2090 8103
1192 2043 1294 2078 Brix
1314 2043 1470 2078 adTrin.
1491 2042 1643 2078 124.—

83 2098 137 2132 Ac
165 2098 379 2143 Propertius
409 2098 486 2143 (qui
515 2098 733 2143 saepissime
761 2097 876 2133 habet
902 2097 1001 2132 hunc
1028 2097 1149 2144 usum)
1179 2097 1306 2131 seribit
1333 2096 1364 2131 Π
1386 2097 1446 2137 16,
1469 2096 1537 2133 25:
1566 2107 1641 2132 non

83 2151 175 2197 quia
202 2152 382 2197 peccarim
412 2151 541 2198 (testor
559 2151 620 2198 te),
651 2151 716 2187 sed
735 2151 883 2197 quia...
902 2151 990 2199 fuit3
1017 2151 1124 2193 1118,
1139 2151 1203 2187 37:
1224 2151 1368 2185 credam
1388 2161 1456 2197 ego
1476 2151 1643 2186 narranti

85 2206 174 2247 (noli
204 2206 440 2251 committere)
468 2207 601 2241 famae.
648 2205 699 2240 111
721 2205 782 2247 15,
804 2205 844 2239 7:
872 2206 1005 2240 tertius
1035 2204 1146 2250 (haud
1175 2204 1289 2239 multo
1318 2205 1440 2239 minus
1469 2204 1539 2251 est)
1559 2215 1644 2240 cum

81 2259 230 2294 ducitur
248 2270 380 2295 annus.
418 2260 466 2295 1V
481 2260 516 2301 2,
533 2260 602 2296 57:
632 2269 700 2294 sex
719 2261 898 2305 superant
916 2270 1048 2295 versus
1069 2258 1117 2305 (te
1137 2259 1199 2305 qui
1218 2258 1265 2293 ad
1285 2258 1500 2294 vadimonia
1524 2259 1642 2294 curris

82 2324 158 2350 non
187 2314 319 2360 moror)
348 2315 440 2349 haec
460 2341 467 2348 .
489 2341 525 2350 ..
573 2314 645 2354 1-7‚
666 2314 815 2362 4;16;
848 2314 1001 2361 12,16;
1035 2314 1094 2355 17,
1120 2314 1190 2360 16;
1222 2312 1379 2360 19,16;
1407 2313 1472 2355 20,
1494 2314 1642 2361 2;12;

82 2367 145 2407 22,
179 2367 475 2416 32;.113‚163
508 2367 567 2409 12,
590 2367 662 2415 22;
700 2366 765 2409 20,
790 2367 856 2416 16;
894 2368 956 2410 21,
983 2367 1048 2415 12;
1086 2368 1148 2410 24,
1174 2367 1243 2415 28;
1272 2366 1335 2408 29,
1357 2367 1403 2416 4;
1444 2367 1552 2409 1113.
1575 2368 1642 2416 383

86 2422 145 2463 11,
170 2422 241 2471 283
275 2423 334 2464 12,
357 2423 429 2470 303
461 2423 520 2464 13,
545 2422 612 2470 593
641 2422 690 2456 IV
713 2422 746 2462 1,
769 2422 842 2469 903
871 2423 908 2462 2,
931 2423 1002 2470 503
1034 2423 1068 2468 3,
1091 2423 1163 2468 673
1191 2422 1226 2462 4,
1250 2422 1321 2468 733
1351 2422 1388 2462 5,
1411 2422 1485 2469 653
1513 2422 1549 2462 7,
1573 2423 1643 2469 363

82 2475 118 2516 8,
143 2476 177 2512 6.
224 2476 437 2522 Propertius
475 2476 586 2513 etiam
623 2475 809 2521 longiores
848 2476 977 2512 scribit
1012 2475 1276 2522 parentheseis,
1317 2476 1418 2521 quod
1446 2476 1642 2522 praecipue

82 2530 251 2565 invenies
280 2531 380 2577 apud
408 2531 497 2573 Liv„
528 2530 625 2571 Tac„
654 2530 748 2565 Plin.
778 2541 858 2576 epp.
898 2530 1096 2566 Schmalz
1125 2541 1159 2575 p.
1181 2529 1269 2565 340.
1310 2550 1363 2555 ——
1401 2530 1508 2576 Prop.
1538 2531 1554 2565 I
1575 2530 1638 2571 22,

86 2584 208 2631 6—93
236 2585 269 2619 ΙΙ
290 2585 326 2626 3,
352 2585 528 2626 10-13;
556 2584 604 2618 IV
623 2584 660 2625 8,
683 2584 815 2620 9—15
846 2584 902 2631 (cf.
923 2583 1091 2630 Rothst.).

209 2638 374 2685 Denique
414 2638 593 2675 sermonis
629 2638 825 2674 familiaris
863 2640 932 2680 est,
972 2639 1109 2674 verba
1136 2637 1364 2673 sentiendi
1392 2641 1436 2674 et
1463 2638 1641 2674 dicendi

80 2694 239 2729 scribere
268 2705 343 2740 per
369 2694 618 2740 parataxin.
666 2693 871 2729 Sohmalz
890 2705 924 2740 p.
942 2694 1032 2736 355,
1051 2694 1148 2739 266;
1176 2692 1293 2739 Leky
1313 2704 1348 2739 p.
1363 2694 1432 2742 43;
1451 2694 1641 2738 Draeger

83 2746 216 2783 11210
254 2749 298 2784 de
328 2748 399 2784 Cic.
427 2748 466 2784 in
495 2759 574 2794 epp.
602 2758 694 2790 usu3
735 2747 891 2784 Holtze
920 2748 953 2783 II
973 2748 1076 2796 2273
1103 2748 1148 2783 de
1166 2747 1338 2783 Petronio
1358 2759 1393 2784 v.
1413 2748 1640 2794 Segebadc

82 2811 116 2846 p.
137 2801 196 2838 13.
229 2803 313 2842 Ax:
342 2803 386 2838 de
415 2814 520 2839 anae.
540 2803 660 2838 Plaut.
682 2801 760 2838 Ter.
779 2814 814 2849 p.
831 2803 892 2839 35.
931 2802 1145 2850 Propertius
1164 2801 1220 2837 ita
1236 2805 1397 2849 usurpat
1409 2803 1502 2838 haec
1511 2803 1640 2841 verba:

78 2857 227 2895 credo:
256 2858 272 2893 I
292 2858 328 2899 2,
352 2859 395 2894 7:
425 2858 531 2894 crede
559 2857 667 2895 mihi:
695 2868 771 2893 non
798 2857 878 2893 ulla
900 2859 989 2893 tuae
1009 2859 1068 2893 est
1085 2857 1267 2892 medicina
1284 2857 1429 2903 figurae
1449 2856 1505 2903 (de
1525 2857 1640 2892 collo—

1379 2917 1420 2951 5·
