1896 3179
52 279 172 317 undas
210 279 248 313 et
285 279 407 323 petere
444 279 555 315 litora
583 306 620 315 ..
640 306 648 314 .
679 290 924 326 spargereque
966 279 1110 315 alterna
1151 278 1263 314 caede
1297 278 1450 314 Penatis
1479 304 1487 312 .
1508 304 1516 312 .
1538 303 1546 312 .
1576 278 1614 311 et

52 337 146 370 ferre
171 358 179 367 .
199 358 208 367 .
229 358 237 366 .
267 333 431 378 praemia
458 359 466 368 .
487 359 495 368 .
516 335 540 368 .!
598 333 654 378 (cf.
673 333 818 369 Rothst.
847 334 955 381 adn.).
998 334 1044 380 (v.
1063 334 1150 369 Hor.
1170 335 1241 368 sat.
1261 333 1295 367 11
1314 333 1351 374 4,
1373 332 1449 378 83.)

188 386 374 421 Interdum
417 387 674 431 cognoscimus
716 387 914 433 scriptores
960 398 1140 434 usurpare
1167 387 1448 422 infinitivum
1490 386 1608 431 perf„

52 441 134 477 ubi
163 451 183 474 e
211 441 362 475 nostrae
389 441 537 486 linguae
566 441 832 476 consuetudine
870 444 1181 486 exspectamus
1219 441 1343 476 infin.
1382 450 1535 486 praes„
1566 440 1611 474 de

51 506 123 542 quo
150 504 223 528 usu
239 504 327 528 -non
353 494 463 529 facile
490 494 645 529 iudicari
672 496 808 540 potest.
838 495 928 540 quia
956 495 1062 530 varia
1078 506 1214 540 genera
1241 494 1484 531 discernenda
1511 495 1610 529 sunt.

51 550 144 585 Nam
163 547 328 593 primum
357 548 504 593 quidem
531 548 643 593 prisci
670 548 745 583 tale
770 549 972 594 perfectum
991 549 1216 584 adhibebant
1233 549 1272 583 in
1300 548 1496 584 sententiis
1524 558 1611 594 pro-

53 601 218 638 hibitivis
248 600 304 646 (cf.
326 601 418 636 Cato
446 612 473 636 r.
493 612 520 636 r.
541 612 571 636 c.
592 602 633 639 5:
670 613 717 637 ne
755 602 844 647 quid
880 602 1014 638 emisse
1041 602 1156 648 velit),
1195 603 1259 637 ubi
1291 604 1441 637 vetatur
1467 602 1609 648 aliquid

51 659 88 693 et
115 656 265 701 optatur
292 665 338 689 ne
366 655 441 689 iam
459 655 600 690 factum
619 655 679 690 sit.
719 654 784 702 (De
804 655 939 701 quibus
959 656 1003 691 cf.
1023 656 1205 698 Ziemer,
1226 656 1609 702 Junggrammatische

52 709 254 753 streifzfige
288 720 323 754 p.
353 709 427 754 76.)
489 709 602 752 Quem
644 709 847 754 priscorum
889 720 998 744 usum
1040 712 1184 755 praeter
1215 710 1318 745 Lucr.
1353 712 1391 745 et
1423 710 1606 745 Catullum

53 762 254 800 Schmalz
283 774 316 808 p.
339 762 430 809 296)
472 764 565 808 Aug.
595 765 664 798 aet
699 763 899 809 scriptores
933 763 1103 798 nonnulli
1135 766 1417 805 renovaverunt,
1454 764 1519 799 sed
1554 765 1609 799 ita

50 818 207 864 quidem,
238 819 281 851 ut
299 828 374 852 non
392 817 431 851 in
450 817 645 852 sententiis
670 817 903 862 prohibitivis
923 817 1056 858 solum,
1088 817 1152 852 sed
1171 817 1210 851 in
1230 818 1400 852 omnibus
1415 818 1607 853 sententiis

51 870 236 918 negativis
265 871 336 906 hoc
364 870 549 906 infinitivo
578 871 666 917 perf.
686 871 885 912 uterentur,
916 872 960 906 ut
986 870 1082 906 Hor.
1112 869 1196 917 (sat.
1216 870 1249 905 II
1269 871 1304 912 3,
1330 870 1421 908 178:
1449 882 1496 906 ne
1523 872 1608 917 quis

49 928 200 962 humare
213 925 320 973 velit3
349 925 415 967 12,
434 925 514 973 28);
544 926 662 962 ovid.
683 924 765 971 (am.
787 925 853 968 14,
873 924 955 974 38);
974 925 1052 960 Liv.
1068 925 1131 966 22,
1150 925 1200 960 59
1222 924 1336 971 (haud
1354 935 1411 960 me
1430 926 1608 961 extulisse

50 978 182 1026 velim).
220 979 383 1014 Eundem
402 979 617 1024 Propertius
637 981 789 1015 secutus
809 980 1014 1025 priscorum
1033 990 1142 1014 usum
1161 989 1237 1014 uno
1265 979 1348 1014 loco
1367 979 1406 1013 in
1426 980 1610 1014 sententia

49 1033 273 1081 prohibitiva
300 1034 452 1080 praebet
478 1034 700 1080 exemplum:
741 1034 773 1069 Π
795 1034 854 1076 19,
878 1034 945 1072 32;
987 1033 1135 1070 absenti
1175 1044 1284 1069 nemo
1326 1044 1402 1068 non
1435 1033 1609 1070 nocuisse

48 1089 156 1125 velit!
196 1088 241 1124 cf.
259 1088 357 1124 infra
375 1100 410 1134 p.
431 1089 492 1124 60.
531 1089 671 1125 Postea
702 1091 827 1125 autem
859 1090 1052 1125 verborum
1071 1088 1217 1124 illorum
1236 1099 1347 1124 usum
1361 1089 1611 1134 sequebantur

47 1144 84 1178 in
103 1143 226 1178 verbis
248 1153 436 1191 „possum,
458 1140 582 1189 peto“,
610 1143 767 1190 denique
787 1143 825 1178 in
845 1143 1018 1179 omnibus
1038 1154 1058 1179 e
1077 1143 1214 1189 quibus
1233 1142 1368 1188 pendet
1385 1142 1607 1183 infinitivus,

48 1199 103 1233 ita
120 1199 164 1233 ut
182 1197 356 1233 commoti
371 1198 545 1243 analogia
564 1198 724 1244 quadam
744 1198 924 1234 aoristum
936 1198 1117 1234 Graecum
1131 1197 1321 1233 imitantes
1340 1197 1611 1243 amplificarent

47 1253 154 1287 illum
182 1252 386 1297 priscorum
414 1264 522 1288 usum
552 1254 685 1298 poetae
713 1253 850 1298 Prop.,
882 1253 996 1294 Ovid.‚
1027 1253 1116 1293 Tib.,
1146 1252 1244 1294 Hor„
1277 1252 1339 1287 Sil.
1378 1252 1423 1287 cf.
1444 1252 1611 1287 Ziemer

47 1318 80 1353 p.
102 1305 171 1355 783
208 1306 412 1342 Schmalz
451 1318 485 1353 p.
506 1306 595 1343 296.
651 1307 704 1343 Ac
741 1307 955 1353 Propertius
992 1307 1090 1342 hunc
1127 1306 1191 1342 inf.
1217 1306 1306 1353 perf.
1327 1306 1432 1342 addit
1469 1306 1607 1342 verbis:

46 1372 243 1407 possum:
272 1362 287 1396 I
311 1362 342 1402 1,
369 1362 433 1399 15:
462 1362 585 1407 potuit
612 1362 817 1410 domuisse3
864 1363 923 1404 17,
950 1363 987 1410 13
1015 1362 1047 1397 II
1069 1362 1129 1403 16,
1153 1364 1194 1409 33
1228 1372 1442 1408 propero:
1471 1361 1543 1403 15,
1566 1362 1607 1399 4:

45 1426 221 1461 properas
263 1426 376 1450 nosse
418 1412 496 1465 (ubi
538 1417 812 1462 exspectamus:
854 1426 1007 1451 noscere
1041 1413 1197 1464 [kennen
1232 1413 1394 1463 lernenJ).
1452 1416 1606 1461 cupio:

46 1470 62 1505 1
83 1470 118 1511 9,
141 1470 209 1518 203
252 1470 296 1505 cs.
318 1471 522 1515 praeterea:
564 1470 613 1505 IV
636 1470 668 1512 1,
692 1470 759 1509 36:
801 1470 910 1516 longe
939 1471 1019 1506 erat
1044 1470 1139 1518 isse3
1181 1470 1214 1505 II
1238 1470 1298 1513 13,
1324 1470 1389 1508 11:
1418 1481 1475 1506 me
1504 1470 1609 1505 iuvet

45 1524 190 1568 legisse.
234 1524 283 1559 cf.
306 1524 588 1569 Streifinger,
629 1525 673 1559 de
703 1526 800 1570 synt.
821 1525 909 1566 Tib„
930 1525 1079 1559 Wfirzb.
1104 1524 1217 1565 1881,
1249 1536 1283 1570 p.
1305 1524 1374 1571 253
1401 1524 1606 1559 Brenous

180 1632 406 1677 Saepissime
434 1634 565 1677 poetae
595 1632 736 1673 comici,
767 1633 836 1667 Cic.
865 1633 904 1666 in
932 1643 1013 1677 epp.
1033 1632 1270 1679 (quamquam
1289 1632 1474 1667 interdum
1493 1632 1605 1667 etiam

44 1686 82 1720 in
109 1685 237 1731 libris),
267 1696 386 1722 rerum
414 1687 603 1731 gestarum
623 1686 832 1733 scriptores,
854 1685 1092 1733 nonnullique
1111 1687 1242 1732 poetae
1262 1686 1380 1721 secuti
1399 1696 1604 1722 sermonem

46 1741 262 1776 familiarem
305 1741 527 1776 omittunt
570 1741 821 1776 subiectum
863 1741 903 1776 in
936 1743 1124 1776 structura
1151 1741 1360 1777 accusativi
1388 1752 1417 1775 c.
1437 1741 1502 1776 inf.
1551 1740 1603 1776 cf.

47 1794 243 1830 Schmalz
271 1806 305 1841 p.
334 1794 424 1836 297,
448 1795 494 1843 23
535 1795 728 1842 Draeger
755 1795 787 1830 11
806 1795 902 1843 414;
942 1795 1061 1841 Leky
1089 1806 1122 1841 p.
1147 1795 1216 1842 333
1257 1795 1457 1840 Lindsay
1484 1806 1518 1840 p.
1540 1795 1603 1831 73.

45 1849 271 1886 th.-Haul.
290 1850 434 1886 Phorm.
456 1850 523 1899 543
553 1850 709 1901 Barth,
732 1851 776 1886 de
790 1850 854 1886 inf.
869 1861 928 1897 ap.
943 1861 1065 1886 scaen.
1080 1851 1176 1897 poet.
1191 1850 1269 1886 Lat.
1284 1861 1358 1886 usu
1377 1861 1411 1896 p.
1428 1849 1600 1892 34—44,

47 1905 90 1938 de
119 1905 189 1939 Cic.
209 1904 247 1939 in
275 1915 356 1950 epp.
376 1915 449 1939 usu
477 1916 512 1939 v.
532 1905 713 1946 Becker,
743 1905 878 1951 Progr„
906 1905 1077 1949 Harburg
1098 1904 1211 1945 1876,
1242 1916 1276 1950 p.
1297 1905 1331 1939 6.
1360 1904 1604 1939 Jahn-Kroll

45 1958 92 1993 ad
120 1958 220 1995 Brut.
245 1958 305 2001 17,
327 1958 416 1994 229.
472 1959 741 2004 Degenhart,
777 1959 822 1995 de
851 1960 948 1995 auct.
966 1960 1000 1995 b.
1019 1958 1123 2005 Hisp.
1143 1958 1230 1994 eloc.
1251 1960 1287 1993 et
1306 1958 1381 1993 fide
1408 1958 1600 2000 historica,

45 2012 192 2048 Wfirzb.
212 2012 327 2053 1877,
348 2024 382 2058 p.
403 2013 461 2048 11.
499 2013 742 2058 Landgraf,
764 2013 863 2051 Bem.
879 2024 910 2051 z.
926 2024 1045 2049 sermo
1065 2013 1174 2048 cotid.
1194 2013 1216 2048 i.
1233 2013 1266 2048 d.
1281 2012 1427 2048 Briefen
1441 2012 1600 2054 Ciceros,

46 2065 99 2100 Bl.
117 2066 143 2101 f.
163 2067 265 2112 bayr.
286 2066 417 2112 Gymn.
441 2067 554 2108 1880,
591 2067 637 2102 16
668 2078 702 2113 p.
718 2067 808 2103 324.
860 2067 951 2102 Cum
979 2068 1113 2113 quibus
1133 2077 1244 2112 saepe
1262 2066 1356 2101 iacit
1372 2066 1606 2112 Propertius,

45 2120 108 2166 qui
127 2120 265 2157 omittit
282 2120 382 2159 subi:
411 2132 490 2160 me:
518 2121 580 2163 13,
598 2121 664 2170 153
692 2121 862 2170 IV1,79;
889 2123 948 2160 te:
977 2121 1066 2164 113,
1080 2121 1147 2169 28;
1175 2120 1346 2169 1118,3;
1374 2120 1417 2170 43
1448 2120 1510 2162 32,
1533 2120 1604 2170 283

42 2174 172 2217 11124,
195 2175 237 2223 63
264 2175 313 2209 IV
336 2176 368 2217 1,
395 2176 488 2223 1343
516 2188 577 2214 se:
606 2176 638 2211 ΙΙ
658 2176 721 2216 25,
748 2177 812 2214 19:
840 2177 890 2212 111
910 2177 946 2218 6,
969 2177 1018 2211 22
1049 2175 1105 2222 (cf.
1126 2176 1203 2211 Cat.
1232 2176 1374 2223 4,16);
1402 2187 1500 2213 vos:
1528 2176 1600 2215 11,

46 2228 112 2277 233
141 2240 257 2267 eum:
286 2229 400 2271 1122,
424 2231 492 2278 483
521 2230 622 2271 III7,
646 2231 713 2278 343
743 2241 858 2269 eam:
887 2231 998 2272 1128,
1021 2230 1061 2278 93
1090 2241 1189 2268 eos:
1217 2229 1302 2272 116,
1322 2229 1391 2277 303
1420 2230 1469 2264 IV
1488 2231 1521 2272 1,
1539 2230 1601 2266 91.

452 2413 492 2454 2.
520 2413 585 2453 De
613 2412 829 2462 gerundlo
857 2414 904 2454 et
931 2412 1188 2462 gerundivo:

148 2501 334 2536 Interdum
362 2501 576 2547 Propertius
612 2501 815 2547 gerundii
843 2502 1046 2537 ablativo
1075 2501 1191 2536 utitur
1219 2512 1296 2547 pro
1325 2503 1600 2548 gerundivo

42 2555 85 2588 ut
101 2554 221 2591 Plaut.
251 2555 356 2602 (Men.
373 2555 468 2604 8833
487 2555 583 2591 Trin.
602 2554 730 2602 1048),
751 2556 878 2598 Naev.,
899 2556 995 2597 Pac„
1017 2556 1105 2593 Ter..
1127 2555 1241 2597 Lucr„
1262 2556 1392 2598 Varro,
1413 2556 1600 2592 rarissime

44 2606 166 2645 Cicero
195 2611 233 2645 et
260 2610 406 2652 Caesar,
447 2610 491 2645 cf.
513 2609 714 2645 Scbmalz
753 2622 787 2656 p.
809 2610 899 2653 300,
925 2610 1012 2652 164,
1035 2610 1076 2658 5;
1117 2609 1237 2656 Leky
1265 2621 1299 2656 p.
1321 2611 1384 2649 34.
1411 2631 1465 2637 —
1493 2611 1599 2657 Prop.

43 2660 58 2694 I
83 2662 115 2704 1,
138 2664 179 2701 9:
206 2664 330 2700 nullos
349 2664 525 2710 fugiendo
543 2664 708 2712 labores3
735 2664 750 2699 I
773 2665 833 2707 13,
851 2665 916 2702 12:
934 2675 1002 2700 nec
1020 2675 1120 2700 nova
1138 2665 1484 2713 quaerendox(quod
1502 2667 1600 2704 certe

43 2718 294 2754 commoditati
321 2719 519 2760 concessit,
547 2729 634 2753 nam
661 2719 904 2763 gerundivum
932 2719 1060 2755 eadem
1088 2718 1350 2757 collocatione:
1381 2730 1471 2769 „nec
1490 2718 1598 2754 novis

43 2770 286 2813 quaerendi&
317 2772 519 2808 baccheum
548 2772 673 2814 efficit,
704 2783 814 2818 quem
841 2773 901 2808 hic
929 2773 968 2808 in
987 2774 1141 2808 metrum
1161 2773 1386 2819 dactylicum
1404 2773 1599 2808 immittere
