1896 3179
704 236 968 275 —79—

60 346 212 381 liberius
242 345 408 381 adnectit
425 347 631 388 sententiis,
661 347 839 393 imprimis
858 346 1015 392 singulis
1033 346 1168 387 verbis,
1199 346 1244 381 de
1263 355 1337 391 quo
1356 355 1430 379 usu
1449 355 1483 379 v.
1504 344 1620 379 Roth-

59 398 1022 449 miniadn.18‚13;—18‚13;122,5;1V3‚
1044 400 1108 448 113
1137 400 1205 447 47;
1235 400 1304 447 63;
1332 398 1383 433 IV
1397 398 1433 439 4,
1453 397 1528 444 57).

683 477 718 512 8.
748 477 992 523 quoniam:

198 538 423 588 „quoniam“
456 541 637 577 interdum
667 542 794 577 scribit
821 541 927 587 Prop.
947 551 1033 591 pro
1077 568 1091 583 „
1108 541 1233 587 quod
1251 544 1265 559 “
1309 542 1377 576 aut
1409 539 1561 585 „quiaffl”
1579 541 1622 573 ut

65 594 259 630 Lucretius
288 596 327 629 et
350 597 546 640 argenteae
565 595 764 631 latinitatis
784 596 993 642 scriptores.
1021 615 1075 621 —
1102 596 1208 641 Prop.
1238 595 1365 635 11123,
1388 595 1451 631 12:
1480 594 1622 628 irascor

59 648 236 694 quoniam
266 659 306 683 es
335 651 546 684 moraturus
575 649 661 685 heri.
704 649 858 698 117,1;
887 649 1084 697 1133.13;
1113 648 1161 683 IV
1177 650 1212 690 7,
1229 649 1292 684 46.

778 726 813 760 9.
837 728 899 760 ut:

199 788 292 836 „Ut“
340 789 491 834 saepius
534 789 632 835 apud
661 789 839 824 Plautum·
863 788 1022 827 occurrit
1057 789 1104 823 in
1146 788 1617 824 exclamationibus

59 842 188 888 Leky
216 854 250 889 p.
272 843 333 879 51.
361 864 415 868 —
443 844 549 888 Prop.
569 844 601 878 11
621 844 684 884 33,
703 844 770 879 35:
800 854 857 878 me
876 843 1060 884 miserum,
1090 845 1136 877 ut
1153 843 1269 878 multo
1288 842 1379 877 nihil
1398 845 1457 878 est
1473 844 1620 878 mutata

60 897 201 941 Lyaeo!
229 917 284 921 ——
316 897 417 939 „Ita
445 896 523 943 (sic)
545 916 597 921 -—
616 898 693 931 ut“
726 895 922 930 adhibetur
950 907 974 930 a
1000 895 1189 941 Propertio
1218 896 1266 930 in
1293 896 1617 930 iureiurando

63 950 299 986 coniunctum
342 961 424 986 cum
466 950 684 988 indicativo:
727 950 743 985 I
762 949 822 991 18,
843 949 908 987 11:
954 949 1002 985 III
1019 949 1079 991 15,
1101 950 1139 997 13
1185 950 1458 985 coniunctivum
1500 950 1618 985 addit:

62 1004 157 1045 121,
176 1005 216 1040 5:
256 1005 310 1040 sic
347 1007 386 1039 te
424 1006 588 1044 servato,
628 1006 672 1038 ut
699 1004 848 1048 possint
875 1004 1034 1048 gaudere
1063 1005 1250 1048 parentes!
1308 1004 1353 1039 cf.
1371 1003 1490 1038 Plaut.
1508 1004 1618 1038 Poen.

61 1058 151 1094 289.
182 1058 253 1094 Cic.
272 1058 359 1094 fam.
380 1058 416 1100 5,
435 1058 497 1100 21,
519 1057 551 1093 1.

197 1113 269 1147 Pro
299 1124 372 1158 quo
388 1113 426 1147 in
446 1123 615 1148 sermone
633 1113 808 1148 familiari
828 1112 984 1157 simplex
1011 1123 1034 1156 p
1046 1113 1277 1147 arataxis
1308 1112 1490 1152 scribitur,
1511 1112 1565 1146 ita
1579 1114 1621 1146 ut

64 1165 249 1211 particula
293 1164 382 1214 „ut“
429 1165 631 1202 omittatur.
688 1165 912 1201 Schmalz
950 1176 984 1211 p.
1005 1165 1101 1213 3543
1142 1165 1298 1207 Blase,
1339 1165 1442 1212 Synt.
1470 1176 1505 1212 p.
1529 1165 1619 1207 129;

60 1220 187 1267 Leky
215 1232 249 1267 p.
269 1220 339 1267 42;
366 1220 605 1256 th.-Haul.
626 1221 683 1257 ad.
703 1220 847 1256 Phorm.
872 1220 963 1268 1653
990 1220 1108 1255 Meis
1125 1231 1251 1261 sner,
1281 1220 1324 1255 N.
1343 1220 1468 1256 Jahrb.
1489 1220 1619 1266 Suppl.

61 1275 102 1310 B.
127 1275 174 1309 12
213 1285 248 1319 p.
269 1275 364 1322 5273
400 1275 560 1315 Lalin,
602 1275 646 1309 de
685 1275 812 1320 partio.
842 1276 1042 1319 comparat.
1071 1285 1145 1309 usu
1182 1285 1239 1319 ap.
1268 1274 1476 1322 Terentium
1518 1274 1620 1309 1894

61 1339 96 1375 p.
118 1328 185 1371 24:
215 1328 485 1375 Segebade,
518 1328 662 1364 observ.
682 1339 795 1373 gram.
825 1330 863 1364 et
891 1328 969 1364 crit.
988 1328 1027 1363 in
1053 1327 1263 1364 Petronium
1291 1339 1325 1374 p.
1347 1328 1387 1376 93
1414 1328 1622 1373 KieBling

60 1384 111 1418 ad
139 1383 224 1419 Hor.
245 1394 274 1419 c.
295 1384 363 1425 13,
384 1384 416 1420 1.
444 1403 499 1409 —
526 1384 635 1428 Prop.
663 1383 735 1422 17.
753 1384 794 1418 3:
823 1385 947 1428 atque,
977 1383 1032 1417 ita
1060 1383 1129 1417 sim
1156 1383 1256 1424 felix,
1282 1383 1398 1428 primo
1427 1383 1621 1418 contendis

62 1437 232 1473 Homero.
269 1437 317 1472 IV
337 1437 372 1478 3,
392 1437 458 1479 67;
489 1437 538 1471 IV
559 1437 594 1478 7,
617 1436 684 1479 52;
714 1437 745 1471 II
768 1437 828 1473 14,
851 1436 902 1471 20
922 1438 966 1471 ut
984 1436 1135 1482 saepius
1155 1437 1254 1482 apud
1273 1436 1435 1472 comicos
1453 1436 1621 1472 futurum

65 1491 243 1537 scriptum
281 1493 354 1526 est:
392 1491 448 1526 sic
477 1491 585 1526 hodie
621 1491 755 1532 veniet,
796 1491 907 1537 siqua
943 1491 1094 1536 negavit
1130 1491 1215 1525 heri.
1270 1491 1303 1525 A
1332 1501 1405 1536 quo
1443 1501 1517 1525 usu
1545 1491 1622 1525 dis-

63 1545 269 1580 cernendus
298 1547 358 1580 est
386 1545 446 1579 ille
476 1545 621 1586 similis,
652 1555 726 1590 quo
755 1544 940 1590 particula
963 1542 1064 1590 „sic“
1097 1545 1207 1589 quasi
1225 1544 1450 1590 promittitur
1468 1543 1620 1590 aliquid.

65 1598 295 1644 Prop.1116‚
317 1599 354 1634 1;
385 1599 443 1633 (116
472 1599 560 1634 1111111
589 1626 597 1634 .
619 1626 626 1634 .
648 1610 671 1634 .:
710 1599 765 1634 sic
800 1599 869 1634 tibi
898 1599 975 1633 sint
1011 1599 1159 1643 dempta
1185 1598 1274 1644 iuga
1300 1597 1364 1644 (=
1391 1598 1431 1633 in
1457 1598 1621 1633 solchem

66 1653 191 1700 Falle).
219 1653 466 1698 Kiessling.
492 1653 681 1688 Invenitur
698 1653 732 1688 is
761 1663 854 1688 usus
883 1653 984 1699 apud
1013 1654 1157 1698 poetas,
1197 1652 1260 1698 qui
1287 1663 1370 1687 eum
1398 1654 1574 1698 ceperunt
1600 1663 1620 1687 e

68 1718 236 1743 sermone
262 1707 444 1743 familiari.
501 1708 516 1742 I
539 1707 599 1749 15,
617 1707 684 1743 36:
723 1707 937 1754 Propertius
974 1707 1123 1743 verbo
1167 1707 1302 1750 „iuro
1316 1704 1334 1723 ‘⁴
1376 1706 1507 1742 addit
1534 1718 1620 1752 par-

61 1762 214 1797 ticulam
245 1759 347 1810 „ut“.

771 1817 829 1851 10.
859 1827 930 1851 ne:

200 1881 298 1916 Raro
328 1881 578 1916 coniunctioni
610 1879 729 1928 ,‚ne“
761 1883 850 1926 post
876 1882 1030 1916 verbum
1058 1881 1211 1916 timendi
1251 1881 1482 1928 „additur
1511 1881 1620 1915 coni.

63 1935 166 1983 fut.;
194 1935 301 1980 Prop.
320 1935 351 1970 ΙΙ
372 1935 435 1976 29,
458 1935 525 1971 28:
554 1946 626 1971 neu
645 1935 718 1970 sibi
736 1946 831 1970 neve
850 1935 939 1970 mihi
959 1946 1055 1981 quae
1073 1935 1244 1971 nocitura
1260 1935 1381 1970 forent
1409 1933 1621 1980 (Schmalz

67 2000 101 2033 p.
122 1989 212 2024 357.
239 2009 294 2014 -
321 1990 438 2024 Varro
467 1990 490 2023 l.
510 1989 533 2023 l.
558 1989 632 2024 165
662 1989 726 2035 M.;
769 1989 838 2024 Cic.
859 1989 958 2023 Verr.
998 1989 1033 2022 V
1055 1989 1148 2036 1633
1189 1988 1327 2023 Matius
1365 1998 1423 2033 ap.
1443 1988 1515 2023 Cic.
1533 1988 1620 2023 fam.

66 2042 116 2077 XI
136 2042 199 2084 28,
218 2043 266 2090 8).
284 2063 339 2068 ——
363 2043 548 2078 Interdum
576 2054 602 2077 v
615 2043 788 2084 erbum,
820 2043 879 2077 cui
899 2043 1002 2078 notio
1026 2043 1172 2078 timoris
1191 2043 1298 2085 inest,
1329 2042 1622 2088 supplendum

65 2099 159 2138 est,
190 2099 234 2132 ut
260 2098 368 2143 Prop.
388 2097 471 2139 117,
490 2098 529 2135 3:
557 2098 703 2139 flemus,
734 2098 773 2132 ni
803 2124 810 2132 .
832 2125 839 2132 .
860 2124 868 2132 .
899 2096 955 2142 (cf.
974 2097 1202 2144 Rothstein);
1238 2097 1284 2132 id.
1312 2097 1342 2131 II
1363 2096 1426 2138 27,
1447 2097 1512 2144 10;
1548 2097 1565 2131 I
1584 2098 1621 2137 3.

66 2151 134 2186 28:
178 2152 356 2197 obstupui
397 2162 444 2186 116
474 2178 482 2185 .
503 2178 510 2186 .
532 2165 556 2199 .;
599 2151 648 2186 III
672 2152 732 2193 12,
750 2152 790 2186 9:
834 2151 898 2186 illa
939 2152 1117 2193 tabescet,
1161 2162 1207 2186 ne
1328 2170 1381 2176 —
1409 2150 1465 2185 Ad
1499 2150 1623 2186 locum

64 2205 97 2240 11
120 2206 180 2247 19,
199 2206 265 2241 32:
299 2216 429 2254 „nemo
450 2217 494 2241 ne
513 2203 627 2241 velit“
660 2207 704 2241 cf.
725 2206 788 2241 Ov.
808 2206 912 2241 Pont.
932 2206 948 2240 I
971 2206 1002 2247 1,
1027 2206 1095 2253 663
1124 2206 1201 2242 Tib.
1230 2206 1277 2240 IV
1298 2207 1331 2246 7,
1355 2205 1378 2240 8
1407 2204 1623 2251 (Schmalz

65 2269 99 2304 p.
120 2260 196 2295 357
227 2260 335 2305 adn.).
392 2260 435 2294 cf.
455 2270 642 2305 graecum:
670 2258 726 2308 μὴ
756 2259 813 2296 οὐ.

697 2335 756 2371 11.
786 2335 847 2377 si,
879 2335 994 2371 nisi:

199 2401 253 2435 De
309 2400 625 2435 condicionalibus
679 2401 874 2435 sententiis
927 2401 1165 2447 disputantes
1211 2400 1489 2447 proficiscamur
1541 2412 1626 2436 eum

71 2454 254 2500 Draegero
284 2466 307 2490 a
334 2454 444 2490 modo
473 2455 680 2490 sententiae
708 2455 965 2493 secundariae:
1003 2455 1175 2501 deinceps
1203 2455 1241 2490 in
1267 2465 1494 2501 unaquaque
1521 2457 1626 2502 parte

69 2509 313 2554 disponamus
347 2509 538 2544 materiam
576 2509 778 2544 secundum
814 2511 962 2556 tempus
1000 2510 1206 2545 sententiae
1243 2509 1496 2545 secundariae.
1553 2510 1626 2546 Sed

68 2564 266 2609 praemitto
294 2563 478 2599 interdum
507 2563 618 2599 etiam
645 2563 888 2599 indicativum
912 2564 950 2599 in
971 2564 1157 2600 sententia
1175 2564 1397 2599 secundaria
1416 2564 1626 2610 significare

68 2628 157 2659 rem,
190 2629 285 2663 quae
313 2618 394 2653 fieri
421 2629 497 2653 non
525 2619 661 2664 potest,
691 2619 748 2653 ut:
778 2618 895 2660 1132,
913 2618 981 2654 44:
1011 2619 1037 2652 O
1067 2619 1217 2653 nimium
1241 2618 1384 2653 felicem
1404 2619 1571 2659 Romam,
1593 2619 1625 2654 si

69 2674 198 2706 contra
225 2682 346 2707 mores
374 2682 452 2707 una
478 2671 604 2718 puella
630 2671 731 2706 facit.
786 2672 817 2706 II
837 2672 901 2713 22,
919 2672 980 2707 20.

201 2726 244 2762 A.
272 2726 313 2762 In
341 2726 529 2763 sententia
556 2726 777 2763 secundaria
796 2727 1047 2763 coniunctioni
1079 2724 1158 2776 „si“
1191 2727 1340 2762 additur
1367 2728 1476 2764 indic.
1505 2739 1624 2773 praes.

202 2780 239 2826 α)
269 2781 472 2826 exemplar:
501 2782 534 2816 si
562 2783 620 2816 est
648 2801 700 2806 —
728 2781 816 2816 erit:

200 2835 298 2871 Ante
327 2836 365 2871 et
391 2836 479 2882 post
508 2835 717 2872 Ciceronem
746 2835 898 2882 saepius
922 2836 1109 2872 invenitur
1137 2846 1247 2882 quam
1276 2834 1367 2872 illud
1399 2837 1456 2886 „si
1485 2837 1554 2872 erit
1572 2857 1625 2862 —
