1896 3179
840 136 1113 176 -90-

191 247 302 283 tertio
331 247 432 284 loco:
460 247 509 282 IV
533 247 565 288 1,
592 247 684 295 1293
721 267 776 273 —
814 249 949 293 quarto
979 248 1080 286 loco:
1108 248 1159 283 III
1178 248 1244 290 21,
1270 248 1334 284 19:
1371 220 1501 283 deinde
1529 258 1596 294 per
1621 248 1766 284 Ionium

192 303 324 337 vectus
354 312 436 337 cum
464 301 570 337 fessa
597 301 765 337 Lechaeo
794 302 935 338 sedarit
963 302 1112 348 placida
1139 302 1226 338 vela
1253 302 1432 348 phaselus
1458 312 1568 348 aqua.

319 366 456 401 Eadem
494 366 590 401 ratio
629 366 668 401 in
706 366 791 402 aliis
831 367 1157 403 coniunctionibus
1196 367 1397 414 perspicua
1431 368 1500 409 est,
1540 366 1660 405 velut:
1688 367 1767 404 Ut:

191 421 240 456 111
261 422 297 462 7,
321 420 389 456 54:
419 420 559 456 Paetus
596 422 641 456 ut
678 421 872 463 occideret,
914 423 974 458 tot
1011 422 1129 458 coiere
1166 421 1281 463 mala;
1322 421 1354 456 Π
1380 421 1444 462 23,
1471 421 1513 469 9;
1545 421 1595 456 Ν
1618 421 1651 463 1,
1677 421 1764 458 136.

190 475 301 517 1123,
325 474 365 511 8:
405 474 548 517 deinde,
588 475 654 511 ubi
687 474 895 521 pertuleris,
937 487 1034 522 quos
1073 476 1162 511 dicit
1194 475 1297 511 fama
1323 475 1472 511 labores
1500 475 1682 523 Herculis,
1721 477 1769 511 ut.

193 530 351 578 scribat3
389 529 405 564 I
430 529 489 572 15,
512 529 580 565 24:
609 531 653 565 tu
683 540 831 576 quoque
859 530 916 566 uti
943 531 1055 567 fieres
1072 557 1104 566 ..
1121 558 1130 567 .
1164 551 1212 556 —
1251 529 1336 568 Ne:
1364 529 1455 572 113,
1476 530 1545 566 26:
1574 530 1667 566 haec
1695 530 1764 566 tibi

192 595 243 619 ne
272 586 427 619 matrem
455 584 552 619 forte
581 584 730 620 dedisse
759 586 883 630 putes.
902 605 957 610 —
978 585 1003 620 C
1016 596 1089 623 ur:
1108 584 1208 626 1115,
1226 584 1295 620 32:
1314 584 1534 631 perdiscere,
1556 595 1767 631 purpureus

191 638 341 684 pluvias
383 648 469 674 cur
505 637 600 674 bibit
637 649 747 675 arcus
786 649 918 686 aquae.
967 639 1035 675 36:
1072 639 1264 675 Pleiadum
1303 638 1428 685 spisso
1466 649 1531 675 cur
1569 638 1645 674 coit
1680 639 1769 684 igne

192 692 339 728 chorus.
368 713 423 718 —
454 690 633 741 „Ubi“:
663 692 781 729 altero
810 693 894 729 loco
923 694 1090 740 ponitur:
1119 693 1235 735 1119,
1262 693 1326 735 14;
1354 693 1404 728 IV
1424 693 1459 735 7,
1478 693 1546 741 603
1576 692 1611 734 8,
1634 693 1697 728 26.

322 757 394 793 Sed
414 759 654 794 transeamus
675 758 724 794 ad
743 759 951 794 sententiae
970 759 1131 805 partium
1151 758 1450 807 collocationem3
1476 769 1521 793 ac
1539 758 1763 804 Propertius,

193 813 225 848 si
264 812 361 848 duae
396 812 605 849 sententiae
646 813 928 849 coordinatione
963 814 1059 849 inter
1088 824 1129 849 se
1157 823 1322 849 conexae
1351 814 1451 854 sunt,
1483 824 1502 848 s
1515 813 1574 848 ub
1585 813 1597 848 i
1608 824 1628 849 e
1639 814 1768 848 ctum

192 867 299 912 ponit
336 867 384 901 in
413 867 680 902 sententia
708 868 950 913 secunda:
987 868 1004 902 I
1028 868 1061 909 1,
1083 868 1129 902 4:
1165 869 1246 902 tum
1274 867 1363 902 mihi
1392 867 1603 903 constantis
1632 866 1767 902 deiecit

192 921 336 956 lumina
374 920 501 957 fastus
540 923 578 956 et
615 923 730 967 caput
757 921 944 967 impositis
974 922 1112 967 pressit
1139 922 1252 958 Amor
1280 921 1447 967 pedibus.
1495 921 1511 956 I
1531 920 1567 962 5,
1593 921 1638 956 11
1653 929 1661 953 :
1690 931 1767 956 non

193 975 262 1010 tibi
290 975 365 1010 iam
395 985 561 1017 somnos,
592 985 668 1010 non
697 975 791 1010 illa
818 975 1002 1021 relinquet
1030 975 1188 1023 ocellos3
1215 975 1261 1011 cf.
1291 975 1377 1011 Hor.
1398 985 1427 1013 e.
1447 974 1517 1017 19,
1542 974 1590 1010 16
1620 976 1658 1010 et
1681 974 1767 1010 adn.

193 1029 309 1064 Kiessl.
326 1056 334 1064 .
351 1057 359 1065 .
375 1055 383 1063 .
421 1029 499 1064 Aut
521 1029 560 1063 in
585 1029 767 1074 hypotaxi
797 1029 1081 1064 subiectum
1111 1030 1251 1064 addit
1279 1029 1572 1073 sententiae
1602 1039 1765 1064 secun-

193 1083 214 1119 d
228 1083 370 1119 ariae
400 1082 582 1130 sequenti,
613 1084 673 1121 ut:
702 1082 734 1118 11
758 1083 817 1124 13,
841 1082 910 1118 25:
940 1087 1002 1119 sat
1021 1094 1104 1118 mea
1123 1083 1174 1119 sit
1192 1094 1340 1130 magna,
1362 1083 1396 1119 si
1414 1085 1491 1119 tres
1511 1083 1588 1119 sint
1605 1094 1773 1129 pompa

193 1137 317 1174 libelli.
365 1137 380 1172 I
410 1137 470 1179 10,
493 1137 556 1172 25.
603 1137 635 1172 Π
655 1138 718 1179 33,
741 1137 777 1173 4.
825 1138 986 1184 Saepius
1028 1139 1153 1173 autem
1193 1138 1231 1173 in
1269 1137 1469 1184 hypotaxi,
1509 1138 1543 1174 si
1581 1137 1770 1173 sententia

194 1191 418 1227 secundaria
454 1191 659 1229 antecedit.
700 1192 992 1227 subiectum
1033 1192 1328 1228 sententiae
1368 1192 1645 1238 primariae
1684 1203 1766 1227 se-

194 1258 217 1292 q
229 1246 371 1281 uenti
411 1245 502 1281 add
514 1245 574 1286 it,
615 1246 715 1291 quod
755 1246 793 1281 in
833 1245 899 1281 illa
933 1246 1123 1281 sententia
1161 1246 1370 1292 praemissa
1407 1247 1482 1282 iam
1516 1248 1766 1292 exspectatur.

193 1300 242 1335 III
273 1300 338 1341 20,
360 1300 429 1338 23;
477 1302 515 1335 et
548 1299 686 1345 quibus
724 1299 916 1345 imposuit,
957 1300 1073 1335 solvit
1110 1311 1198 1336 mox
1233 1300 1359 1335 vincla
1395 1299 1549 1335 libido.
1596 1300 1612 1335 1
1636 1300 1672 1341 2.
1695 1299 1770 1348 26;

322 1419 400 1454 Iam
428 1429 518 1454 vero
547 1419 850 1465 frequentissime
881 1419 1072 1454 similem
1092 1419 1219 1455 verbi
1247 1429 1375 1455 usum
1403 1419 1518 1455 habet
1535 1419 1764 1465 Propertius,

193 1476 251 1510 ut:
279 1473 310 1508 11
334 1473 393 1514 18,
418 1473 490 1508 33:
530 1483 614 1508 cum
649 1473 718 1507 tibi
746 1483 814 1508 nec
842 1473 959 1508 frater
985 1484 1053 1508 nec
1082 1473 1152 1508 sit
1177 1473 1247 1508 tibi
1275 1473 1378 1508 filius
1407 1473 1508 1508 ullus
1538 1471 1613 1519 (28,
1632 1472 1699 1508 32:
1729 1475 1769 1508 et

194 1527 287 1563 deus
317 1529 355 1563 et
383 1527 500 1562 durus
529 1527 688 1562 vertitur
716 1527 797 1574 ipse
827 1526 930 1575 dies).
982 1527 1014 1563 H
1037 1527 1097 1569 16,
1121 1527 1188 1564 33:
1218 1538 1302 1563 cum
1330 1538 1388 1563 me
1416 1538 1484 1563 nec
1512 1538 1603 1563 cura
1629 1527 1768 1563 theatri

194 1593 262 1618 nec
281 1582 405 1628 tetigit
425 1582 578 1630 Campe3
607 1582 639 1617 H
661 1581 696 1624 5,
719 1581 788 1625 23;
817 1582 878 1625 18,
902 1582 964 1619 34.
1002 1582 1051 1618 ΠΙ
1072 1582 1109 1630 7,
1131 1582 1174 1631 93
1201 1582 1274 1624 18,
1297 1582 1342 1618 7:
1361 1584 1404 1618 tu
1418 1582 1559 1625 fulcire,
1578 1583 1622 1618 tu
1636 1584 1765 1629 potes

195 1637 301 1673 ferre.
350 1637 365 1672 I
396 1637 456 1678 16,
475 1636 543 1672 23:
573 1648 630 1672 me
659 1636 803 1672 mediae
823 1639 965 1679 noctes,
994 1648 1053 1672 me
1073 1637 1199 1673 sidera
1217 1637 1329 1683 plena
1346 1637 1538 1679 iacentem,
1558 1637 1770 1683 frigidaque

195 1703 253 1727 me
292 1691 417 1726 dolet
446 1702 550 1726 aura.
597 1691 674 1732 15,
701 1691 767 1739 11;
806 1691 866 1733 18,
888 1691 957 1739 273
994 1691 1111 1732 1124,
1136 1691 1180 1726 11
1215 1702 1335 1739 sequ.;
1372 1691 1477 1733 IV4,
1499 1691 1568 1739 36;
1612 1691 1672 1733 11,
1698 1691 1770 1739 11;

192 1745 240 1781 III
261 1745 298 1786 9,
321 1745 390 1781 23;
431 1755 515 1781 cum
542 1745 612 1781 tibi
639 1745 810 1781 Romano
841 1745 1012 1781 dominas
1032 1745 1069 1781 in
1088 1745 1229 1782 honore
1249 1745 1392 1781 securis
1423 1747 1461 1781 et
1489 1745 1627 1781 liceat
1645 1745 1769 1781 medio

193 1810 361 1846 ponere
390 1800 475 1835 iura
501 1800 583 1835 foro
600 1826 607 1835 .
624 1826 632 1835 .
649 1813 674 1848 .;
703 1799 773 1841 19,
798 1800 866 1848 313
896 1800 933 1842 4,
956 1800 991 1835 5.
1026 1820 1081 1825 -
1109 1799 1167 1835 Ita
1195 1800 1233 1834 in
1253 1799 1491 1835 disiunctivis
1511 1810 1660 1846 quoque
1679 1804 1768 1836 sen-

192 1854 321 1889 tentiis
360 1854 671 1900 praedicatum
710 1853 845 1889 alteri
882 1854 1005 1900 parti
1043 1853 1243 1902 additur,
1277 1855 1335 1892 ut:
1364 1854 1381 1888 Ι
1401 1853 1436 1895 6,
1460 1854 1528 1889 31:
1558 1855 1599 1889 at
1625 1855 1668 1889 tu
1696 1864 1766 1889 seu

193 1920 335 1945 seu...
365 1919 531 1954 qua...,
569 1919 638 1944 seu
668 1919 836 1954 qua...,
868 1919 936 1944 seu
970 1907 1129 1954 pedibus
1157 1910 1277 1944 terras
1307 1919 1375 1944 seu
1402 1910 1557 1954 pontum
1586 1919 1769 1955 carpere

195 1963 305 1998 remis
334 1962 425 1998 ibis
442 1990 450 1998 .
465 1989 474 1998 .
491 1977 516 2010 .;
554 1962 586 1997 Π
616 1963 647 2004 1,
670 1963 739 1998 27:
777 1973 864 1997 nam
894 1963 1068 2008 quotiens
1096 1962 1277 1998 Mutinam
1307 1964 1376 1998 aut
1402 1962 1529 1998 civilia
1556 1963 1672 1998 busta
1700 1964 1770 1998 aut

196 2027 364 2052 canerem
380 2045 388 2053 .
404 2043 412 2052 .
429 2043 438 2052 .
467 2016 581 2065 bella3
611 2016 723 2058 1134,
742 2016 805 2053 83.
844 2017 876 2051 II
897 2016 960 2058 25,
978 2016 1049 2065 453
1079 2016 1142 2059 34,
1169 2016 1235 2065 13;
1262 2016 1294 2051 11
1309 2017 1372 2058 34,
1390 2016 1459 2053 78:
1487 2018 1530 2052 tu
1550 2017 1668 2059 canis,
1690 2027 1768 2062 quo

194 2081 301 2115 seges
330 2071 367 2105 in
397 2081 541 2116 campo,
578 2081 653 2116 quo
687 2071 806 2105 viret
835 2081 912 2105 uva
939 2071 1037 2116 iugo.
1081 2071 1114 2105 ΙΙ
1138 2070 1199 2111 16,
1221 2071 1291 2118 463
1319 2070 1369 2105 IV
1392 2070 1452 2112 10,
1478 2071 1539 2107 19.
1585 2071 1618 2105 ΙΙ
1640 2071 1676 2112 9,
1697 2071 1765 2105 31:

195 2125 260 2161 sed
289 2125 399 2161 vobis
433 2124 544 2161 facile
579 2127 639 2161 est
665 2125 782 2161 verba
810 2126 848 2161 et
876 2135 1140 2172 componere
1167 2124 1331 2161 fraudes.
1379 2125 1443 2167 24,
1465 2125 1539 2174 493
1572 2125 1677 2167 1118,
1702 2125 1765 2161 24.

193 2180 315 2219 1132,
343 2179 382 2214 3:
421 2190 507 2215 nam
546 2180 635 2225 quid
672 2179 866 2215 Praenesti
904 2180 1040 2215 dubias
1079 2179 1203 2221 sortis,
1245 2179 1332 2226 quid
1370 2179 1562 2225 petis...
1590 2180 1765 2215 moenia?

193 2233 264 2275 18,
283 2233 352 2269 39:
392 2233 489 2269 hanc
518 2243 587 2279 ego
615 2244 690 2269 non
720 2244 823 2275 auro,
854 2244 931 2270 non
959 2233 1061 2269 Indis
1089 2233 1238 2269 flectere
1267 2233 1430 2275 conchis,
1462 2233 1529 2269 sed
1556 2234 1683 2280 potui
1710 2254 1765 2260 —-

197 2288 391 2334 obsequio.
433 2287 562 2335 Neque
591 2288 759 2324 omittere
788 2288 876 2325 volo
905 2288 1002 2324 hanc
1031 2287 1134 2324 verbi
1163 2285 1461 2327 collocationem:
1499 2288 1572 2331 16,
1593 2288 1661 2324 29:
1691 2299 1766 2324 non

195 2353 290 2378 sum
319 2342 432 2384 laudi,
464 2353 536 2378 non
567 2345 701 2378 natus
730 2343 889 2379 idoneus
919 2343 1044 2378 armis.

323 2408 572 2454 Congruenter
600 2419 682 2444 cum
711 2419 881 2444 sermone
909 2407 1085 2444 familiari
1104 2408 1324 2458 Propertius
1349 2420 1414 2455 per
1442 2409 1764 2445 attractionem

194 2463 404 2499 subiectum
445 2463 652 2499 sententiae
685 2463 930 2498 secundariae
959 2463 1094 2499 obiecti
1121 2463 1205 2499 loco
1235 2463 1446 2509 transponit
1473 2464 1512 2498 in
1541 2464 1765 2499 sententiam

193 2517 417 2563 primariam.
445 2536 501 2542 —
528 2517 635 2564 Prop.
654 2517 686 2552 Π
708 2517 772 2559 34,
796 2517 864 2552 55:
899 2517 1025 2563 aspice
1054 2528 1112 2553 me
1128 2544 1136 2553 .
1157 2544 1165 2553 .
1186 2545 1205 2559 .,
1246 2520 1290 2553 ut
1326 2528 1474 2564 regnem
1503 2517 1641 2553 mixtas
1668 2517 1765 2553 inter

193 2572 352 2617 puellas.
400 2571 565 2615 Quocum
595 2572 677 2607 loco
707 2572 878 2617 equidem
907 2582 1098 2617 comparo:
1126 2572 1176 2607 111
1200 2573 1260 2612 19,
1286 2573 1352 2608 17:
1381 2583 1469 2607 nam
1497 2572 1586 2617 quid
1614 2571 1764 2607 Medeae

195 2626 364 2667 referam,
397 2635 473 2671 quo
501 2627 665 2671 tempore
694 2625 826 2661 matris
847 2652 855 2660 .
876 2651 884 2660 .
905 2653 914 2661 .
952 2625 1044 2660 iram
1065 2652 1073 2661 .
1095 2653 1102 2661 .
1123 2655 1132 2663 .
1170 2625 1316 2671 piavit?
1346 2625 1405 2672 (cf.
1434 2625 1565 2663 etiam:
1602 2625 1618 2660 I
1640 2625 1673 2667 1,
1696 2625 1763 2661 23:

192 2683 283 2716 tunc
322 2691 391 2726 ego
435 2679 649 2716 crediderim
701 2680 811 2716 vobis
843 2707 851 2716 .
883 2706 891 2715 .
926 2707 934 2715 .
981 2691 1095 2727 posse
1145 2680 1278 2717 ducere
1312 2709 1320 2718 .
1355 2707 1363 2716 .
1398 2680 1425 2728 .)
1473 2680 1518 2717 cf.
1557 2680 1763 2719 Schmalz

193 2746 226 2780 p.
248 2735 339 2778 470,
359 2735 428 2784 51;
465 2734 667 2781 Lindsay
696 2746 730 2781 p.
752 2735 792 2784 63
821 2734 939 2781 Leky
967 2746 1002 2781 p.
1023 2735 1092 2784 683
1120 2735 1365 2784 Lindskog‚
1395 2736 1541 2782 quaest.
1570 2735 1615 2771 de
1643 2736 1763 2781 parat.
