<?xml version="1.0" encoding="UTF-8"?>
<!DOCTYPE html PUBLIC "-//W3C//DTD XHTML 1.0 Transitional//EN"
    "http://www.w3.org/TR/xhtml1/DTD/xhtml1-transitional.dtd">
<html xmlns="http://www.w3.org/1999/xhtml" xml:lang="en" lang="en">
 <head>
  <title>
</title>
<meta http-equiv="Content-Type" content="text/html;charset=utf-8" />
  <meta name='ocr-system' content='tesseract 3.04.00' />
  <meta name='ocr-capabilities' content='ocr_page ocr_carea ocr_par ocr_line ocrx_word'/>
</head>
<body>
  <div class='ocr_page' id='page_1' title='image "4737895_0024.png"; bbox 0 0 1896 3179; ppageno 0'>
   <div class='ocr_carea' id='block_1_1' title="bbox 852 123 1121 162">
    <p class='ocr_par' dir='ltr' id='par_1_1' title="bbox 852 123 1121 162">
     <span class='ocr_line' id='line_1_1' title="bbox 852 123 1121 162; baseline 0 -10"><span class='ocrx_word' id='word_1_1' title='bbox 852 123 1121 162; x_wconf 73' lang='lat'>-16-</span> 
     </span>
    </p>
   </div>
   <div class='ocr_carea' id='block_1_2' title="bbox 181 233 1772 2778">
    <p class='ocr_par' dir='ltr' id='par_1_2' title="bbox 193 233 1772 1528">
     <span class='ocr_line' id='line_1_2' title="bbox 204 233 1772 281; baseline 0.001 -13"><span class='ocrx_word' id='word_1_2' title='bbox 204 233 308 268; x_wconf 90' lang='lat' dir='ltr'><strong>illum</strong></span> <span class='ocrx_word' id='word_1_3' title='bbox 342 244 453 269; x_wconf 91' lang='lat' dir='ltr'><strong>usum</strong></span> <span class='ocrx_word' id='word_1_4' title='bbox 487 234 777 279; x_wconf 85' lang='lat' dir='ltr'><strong>Propertianum,</strong></span> <span class='ocrx_word' id='word_1_5' title='bbox 829 244 903 280; x_wconf 92' lang='lat' dir='ltr'><strong>quo</strong></span> <span class='ocrx_word' id='word_1_6' title='bbox 937 234 976 269; x_wconf 92' lang='lat' dir='ltr'><strong>in</strong></span> <span class='ocrx_word' id='word_1_7' title='bbox 1011 235 1199 270; x_wconf 85' lang='lat' dir='ltr'><strong>sententia</strong></span> <span class='ocrx_word' id='word_1_8' title='bbox 1232 235 1453 271; x_wconf 86' lang='lat' dir='ltr'><strong>secundaria</strong></span> <span class='ocrx_word' id='word_1_9' title='bbox 1486 236 1662 281; x_wconf 80' lang='lat' dir='ltr'><strong>sequente</strong></span> <span class='ocrx_word' id='word_1_10' title='bbox 1690 235 1772 270; x_wconf 89' lang='lat' dir='ltr'><strong>sine</strong></span> 
     </span>
     <span class='ocr_line' id='line_1_3' title="bbox 205 288 1769 336; baseline 0.001 -13"><span class='ocrx_word' id='word_1_11' title='bbox 205 288 307 323; x_wconf 88' lang='lat' dir='ltr'><strong>iusta</strong></span> <span class='ocrx_word' id='word_1_12' title='bbox 326 299 446 324; x_wconf 89' lang='lat' dir='ltr'><strong>causa</strong></span> <span class='ocrx_word' id='word_1_13' title='bbox 463 288 597 334; x_wconf 85' lang='lat' dir='ltr'><strong>repetit</strong></span> <span class='ocrx_word' id='word_1_14' title='bbox 616 288 832 334; x_wconf 82' lang='lat' dir='ltr'><strong>pronomine</strong></span> <span class='ocrx_word' id='word_1_15' title='bbox 851 288 1058 324; x_wconf 91' lang='lat' dir='ltr'><strong>subiectum</strong></span> <span class='ocrx_word' id='word_1_16' title='bbox 1078 289 1286 325; x_wconf 90' lang='lat' dir='ltr'><strong>sententiae</strong></span> <span class='ocrx_word' id='word_1_17' title='bbox 1305 289 1511 336; x_wconf 85' lang='lat' dir='ltr'><strong>primariae,</strong></span> <span class='ocrx_word' id='word_1_18' title='bbox 1533 291 1591 325; x_wconf 92' lang='lat' dir='ltr'><strong>ut:</strong></span> <span class='ocrx_word' id='word_1_19' title='bbox 1621 289 1637 324; x_wconf 95' lang='lat' dir='ltr'>I</span> <span class='ocrx_word' id='word_1_20' title='bbox 1653 289 1688 331; x_wconf 89' lang='lat'><strong>9,</strong></span> <span class='ocrx_word' id='word_1_21' title='bbox 1705 289 1769 325; x_wconf 88' lang='lat'><strong>23.</strong></span> 
     </span>
     <span class='ocr_line' id='line_1_4' title="bbox 203 342 1768 389; baseline 0.001 -12"><span class='ocrx_word' id='word_1_22' title='bbox 203 342 336 377; x_wconf 90' lang='lat' dir='ltr'><strong>Nullus</strong></span> <span class='ocrx_word' id='word_1_23' title='bbox 347 343 524 378; x_wconf 87' lang='lat' dir='ltr'><strong>Amor...</strong></span> <span class='ocrx_word' id='word_1_24' title='bbox 541 342 777 388; x_wconf 87' lang='lat' dir='ltr'><strong>praebuit...,</strong></span> <span class='ocrx_word' id='word_1_25' title='bbox 796 345 838 377; x_wconf 89' lang='lat' dir='ltr'><strong>ut</strong></span> <span class='ocrx_word' id='word_1_26' title='bbox 850 353 977 380; x_wconf 88' lang='lat' dir='ltr'><strong>non...</strong></span> <span class='ocrx_word' id='word_1_27' title='bbox 997 343 1175 388; x_wconf 88' lang='lat' dir='ltr'><strong>presserit</strong></span> <span class='ocrx_word' id='word_1_28' title='bbox 1192 343 1272 379; x_wconf 91' lang='lat' dir='ltr'><strong>ille</strong></span> <span class='ocrx_word' id='word_1_29' title='bbox 1285 372 1293 379; x_wconf 92' lang='lat'><strong>.</strong></span> <span class='ocrx_word' id='word_1_30' title='bbox 1309 370 1317 379; x_wconf 91' lang='lat'><strong>.</strong></span> <span class='ocrx_word' id='word_1_31' title='bbox 1333 354 1358 386; x_wconf 86' lang='lat'><strong>.;</strong></span> <span class='ocrx_word' id='word_1_32' title='bbox 1375 343 1511 385; x_wconf 77' lang='lat'><strong>114,17</strong></span> <span class='ocrx_word' id='word_1_33' title='bbox 1527 343 1768 389; x_wconf 74' lang='lat' dir='ltr'><strong>saepiusque3</strong></span> 
     </span>
     <span class='ocr_line' id='line_1_5' title="bbox 204 396 1770 444; baseline 0.001 -12"><span class='ocrx_word' id='word_1_34' title='bbox 204 398 272 432; x_wconf 87' lang='lat' dir='ltr'><strong>aut</strong></span> <span class='ocrx_word' id='word_1_35' title='bbox 283 396 497 442; x_wconf 78' lang='lat' dir='ltr'><strong>Propertius</strong></span> <span class='ocrx_word' id='word_1_36' title='bbox 512 396 549 431; x_wconf 90' lang='lat' dir='ltr'><strong>in</strong></span> <span class='ocrx_word' id='word_1_37' title='bbox 565 396 752 432; x_wconf 89' lang='lat' dir='ltr'><strong>sententia</strong></span> <span class='ocrx_word' id='word_1_38' title='bbox 767 396 920 443; x_wconf 91' lang='lat' dir='ltr'><strong>obliqua</strong></span> <span class='ocrx_word' id='word_1_39' title='bbox 929 397 1170 432; x_wconf 79' lang='lat' dir='ltr'><strong>antecedente</strong></span> <span class='ocrx_word' id='word_1_40' title='bbox 1185 398 1223 432; x_wconf 90' lang='lat' dir='ltr'><strong>et</strong></span> <span class='ocrx_word' id='word_1_41' title='bbox 1233 397 1271 433; x_wconf 92' lang='lat' dir='ltr'><strong>in</strong></span> <span class='ocrx_word' id='word_1_42' title='bbox 1283 397 1469 434; x_wconf 84' lang='lat' dir='ltr'><strong>sententia</strong></span> <span class='ocrx_word' id='word_1_43' title='bbox 1477 398 1580 433; x_wconf 88' lang='lat' dir='ltr'><strong>recta</strong></span> <span class='ocrx_word' id='word_1_44' title='bbox 1590 399 1770 444; x_wconf 85' lang='lat' dir='ltr'><strong>sequente</strong></span> 
     </span>
     <span class='ocr_line' id='line_1_6' title="bbox 204 450 1769 497; baseline 0.001 -11"><span class='ocrx_word' id='word_1_45' title='bbox 204 450 384 497; x_wconf 80' lang='lat' dir='ltr'><strong>exprimit,</strong></span> <span class='ocrx_word' id='word_1_46' title='bbox 413 452 470 486; x_wconf 88' lang='lat' dir='ltr'><strong>ut:</strong></span> <span class='ocrx_word' id='word_1_47' title='bbox 493 450 657 492; x_wconf 85' lang='lat'><strong>116,29:</strong></span> <span class='ocrx_word' id='word_1_48' title='bbox 684 451 735 486; x_wconf 92' lang='lat' dir='ltr'><strong>sit</strong></span> <span class='ocrx_word' id='word_1_49' title='bbox 757 451 891 487; x_wconf 88' lang='lat' dir='ltr'><strong>licet...</strong></span> <span class='ocrx_word' id='word_1_50' title='bbox 918 451 1119 497; x_wconf 75' lang='lat' dir='ltr'><strong>patientior</strong></span> <span class='ocrx_word' id='word_1_51' title='bbox 1143 451 1269 493; x_wconf 61' lang='lat' dir='ltr'><strong>illam,</strong></span> <span class='ocrx_word' id='word_1_52' title='bbox 1298 452 1350 488; x_wconf 91' lang='lat' dir='ltr'><strong>sit</strong></span> <span class='ocrx_word' id='word_1_53' title='bbox 1366 452 1499 490; x_wconf 89' lang='lat' dir='ltr'><strong>licet...</strong></span> <span class='ocrx_word' id='word_1_54' title='bbox 1531 452 1665 494; x_wconf 88' lang='lat' dir='ltr'><strong>durior,</strong></span> <span class='ocrx_word' id='word_1_55' title='bbox 1693 462 1769 487; x_wconf 91' lang='lat' dir='ltr'><strong>non</strong></span> 
     </span>
     <span class='ocr_line' id='line_1_7' title="bbox 201 504 1766 552; baseline 0.001 -12"><span class='ocrx_word' id='word_1_56' title='bbox 201 507 375 541; x_wconf 88' lang='lat' dir='ltr'><strong>tamen...</strong></span> <span class='ocrx_word' id='word_1_57' title='bbox 396 504 478 540; x_wconf 90' lang='lat' dir='ltr'><strong>illa</strong></span> <span class='ocrx_word' id='word_1_58' title='bbox 498 505 714 552; x_wconf 84' lang='lat' dir='ltr'><strong>poterit...).</strong></span> <span class='ocrx_word' id='word_1_59' title='bbox 735 526 790 531; x_wconf 91' lang='lat'><em>-</em></span> <span class='ocrx_word' id='word_1_60' title='bbox 811 505 987 541; x_wconf 86' lang='lat' dir='ltr'><strong>Similiter</strong></span> <span class='ocrx_word' id='word_1_61' title='bbox 1000 505 1213 551; x_wconf 83' lang='lat' dir='ltr'><strong>Propertius</strong></span> <span class='ocrx_word' id='word_1_62' title='bbox 1229 506 1434 542; x_wconf 89' lang='lat' dir='ltr'><strong>subiectum</strong></span> <span class='ocrx_word' id='word_1_63' title='bbox 1449 516 1525 542; x_wconf 91' lang='lat' dir='ltr'><strong>non</strong></span> <span class='ocrx_word' id='word_1_64' title='bbox 1539 506 1766 552; x_wconf 87' lang='lat' dir='ltr'><strong>pronomine,</strong></span> 
     </span>
     <span class='ocr_line' id='line_1_8' title="bbox 201 559 1769 607; baseline 0.001 -13"><span class='ocrx_word' id='word_1_65' title='bbox 201 559 267 594; x_wconf 88' lang='lat' dir='ltr'><strong>sed</strong></span> <span class='ocrx_word' id='word_1_66' title='bbox 287 559 404 594; x_wconf 89' lang='lat' dir='ltr'><strong>altero</strong></span> <span class='ocrx_word' id='word_1_67' title='bbox 424 560 572 595; x_wconf 90' lang='lat' dir='ltr'><strong>nomine</strong></span> <span class='ocrx_word' id='word_1_68' title='bbox 592 560 738 605; x_wconf 82' lang='lat' dir='ltr'><strong>repetit:</strong></span> <span class='ocrx_word' id='word_1_69' title='bbox 766 560 781 594; x_wconf 93' lang='lat'><strong>1</strong></span> <span class='ocrx_word' id='word_1_70' title='bbox 801 559 861 601; x_wconf 91' lang='lat'><strong>19,</strong></span> <span class='ocrx_word' id='word_1_71' title='bbox 879 561 920 598; x_wconf 79' lang='lat'><strong>7:</strong></span> <span class='ocrx_word' id='word_1_72' title='bbox 939 559 1014 595; x_wconf 85' lang='lat' dir='ltr'><strong>illic</strong></span> <span class='ocrx_word' id='word_1_73' title='bbox 1027 587 1035 595; x_wconf 93' lang='lat'><strong>.</strong></span> <span class='ocrx_word' id='word_1_74' title='bbox 1050 587 1058 595; x_wconf 93' lang='lat'><strong>.</strong></span> <span class='ocrx_word' id='word_1_75' title='bbox 1071 587 1079 594; x_wconf 90' lang='lat'><strong>.</strong></span> <span class='ocrx_word' id='word_1_76' title='bbox 1099 560 1230 596; x_wconf 88' lang='lat' dir='ltr'><strong>heros</strong></span> <span class='ocrx_word' id='word_1_77' title='bbox 1250 571 1325 596; x_wconf 91' lang='lat' dir='ltr'><strong>non</strong></span> <span class='ocrx_word' id='word_1_78' title='bbox 1343 561 1467 607; x_wconf 90' lang='lat' dir='ltr'><strong>potuit</strong></span> <span class='ocrx_word' id='word_1_79' title='bbox 1485 587 1493 596; x_wconf 92' lang='lat'><strong>.</strong></span> <span class='ocrx_word' id='word_1_80' title='bbox 1514 587 1522 596; x_wconf 98' lang='lat'><strong>.</strong></span> <span class='ocrx_word' id='word_1_81' title='bbox 1542 587 1550 596; x_wconf 93' lang='lat'><strong>.</strong></span> <span class='ocrx_word' id='word_1_82' title='bbox 1579 561 1769 596; x_wconf 89' lang='lat' dir='ltr'><strong>immemor</strong></span> 
     </span>
     <span class='ocr_line' id='line_1_9' title="bbox 201 613 1766 659; baseline 0.001 -11"><span class='ocrx_word' id='word_1_83' title='bbox 201 624 284 648; x_wconf 89' lang='lat' dir='ltr'><strong>esse</strong></span> <span class='ocrx_word' id='word_1_84' title='bbox 305 641 312 648; x_wconf 94' lang='lat'><strong>.</strong></span> <span class='ocrx_word' id='word_1_85' title='bbox 333 640 341 648; x_wconf 93' lang='lat'><strong>.</strong></span> <span class='ocrx_word' id='word_1_86' title='bbox 361 640 369 648; x_wconf 94' lang='lat'><strong>.</strong></span> <span class='ocrx_word' id='word_1_87' title='bbox 388 640 396 655; x_wconf 95' lang='lat'><strong>,</strong></span> <span class='ocrx_word' id='word_1_88' title='bbox 427 613 493 649; x_wconf 92' lang='lat' dir='ltr'><strong>sed</strong></span> <span class='ocrx_word' id='word_1_89' title='bbox 523 613 680 659; x_wconf 89' lang='lat' dir='ltr'><strong>cupidus</strong></span> <span class='ocrx_word' id='word_1_90' title='bbox 700 641 709 649; x_wconf 93' lang='lat'><strong>.</strong></span> <span class='ocrx_word' id='word_1_91' title='bbox 729 641 737 649; x_wconf 97' lang='lat'><strong>.</strong></span> <span class='ocrx_word' id='word_1_92' title='bbox 759 641 767 649; x_wconf 93' lang='lat'><strong>.</strong></span> <span class='ocrx_word' id='word_1_93' title='bbox 796 613 1044 650; x_wconf 82' lang='lat' dir='ltr'><strong>Thessalus</strong></span> <span class='ocrx_word' id='word_1_94' title='bbox 1061 641 1069 649; x_wconf 93' lang='lat'><strong>.</strong></span> <span class='ocrx_word' id='word_1_95' title='bbox 1085 640 1094 649; x_wconf 91' lang='lat'><strong>.</strong></span> <span class='ocrx_word' id='word_1_96' title='bbox 1110 640 1118 650; x_wconf 90' lang='lat'><strong>.</strong></span> <span class='ocrx_word' id='word_1_97' title='bbox 1137 616 1292 650; x_wconf 88' lang='lat' dir='ltr'><strong>venerat</strong></span> <span class='ocrx_word' id='word_1_98' title='bbox 1306 643 1314 651; x_wconf 92' lang='lat'><strong>.</strong></span> <span class='ocrx_word' id='word_1_99' title='bbox 1331 641 1339 651; x_wconf 94' lang='lat'><strong>.</strong></span> <span class='ocrx_word' id='word_1_100' title='bbox 1355 641 1364 651; x_wconf 88' lang='lat'><strong>.</strong></span> <span class='ocrx_word' id='word_1_101' title='bbox 1415 615 1528 651; x_wconf 80' lang='lat' dir='ltr'><strong>Plane</strong></span> <span class='ocrx_word' id='word_1_102' title='bbox 1548 615 1673 650; x_wconf 88' lang='lat' dir='ltr'><strong>autem</strong></span> <span class='ocrx_word' id='word_1_103' title='bbox 1691 614 1766 650; x_wconf 85' lang='lat' dir='ltr'><strong>illis</strong></span> 
     </span>
     <span class='ocr_line' id='line_1_10' title="bbox 199 667 1767 715; baseline 0.001 -13"><span class='ocrx_word' id='word_1_104' title='bbox 199 667 293 703; x_wconf 87' lang='lat' dir='ltr'><strong>locis</strong></span> <span class='ocrx_word' id='word_1_105' title='bbox 332 668 540 703; x_wconf 88' lang='lat' dir='ltr'><strong>contrarius</strong></span> <span class='ocrx_word' id='word_1_106' title='bbox 580 670 638 703; x_wconf 87' lang='lat' dir='ltr'><strong>est</strong></span> <span class='ocrx_word' id='word_1_107' title='bbox 674 668 735 703; x_wconf 92' lang='lat' dir='ltr'><strong>ille</strong></span> <span class='ocrx_word' id='word_1_108' title='bbox 770 668 1027 714; x_wconf 80' lang='lat' dir='ltr'><strong>pleonasmus,</strong></span> <span class='ocrx_word' id='word_1_109' title='bbox 1064 678 1139 714; x_wconf 91' lang='lat' dir='ltr'><strong>quo</strong></span> <span class='ocrx_word' id='word_1_110' title='bbox 1172 668 1387 714; x_wconf 86' lang='lat' dir='ltr'><strong>Propertius</strong></span> <span class='ocrx_word' id='word_1_111' title='bbox 1421 669 1627 715; x_wconf 85' lang='lat' dir='ltr'><strong>pronomini</strong></span> <span class='ocrx_word' id='word_1_112' title='bbox 1660 671 1767 704; x_wconf 89' lang='lat' dir='ltr'><strong>ante-</strong></span> 
     </span>
     <span class='ocr_line' id='line_1_11' title="bbox 200 722 1766 769; baseline 0.001 -12"><span class='ocrx_word' id='word_1_113' title='bbox 200 722 343 757; x_wconf 86' lang='lat' dir='ltr'><strong>cedenti</strong></span> <span class='ocrx_word' id='word_1_114' title='bbox 372 723 506 768; x_wconf 88' lang='lat' dir='ltr'><strong>postea</strong></span> <span class='ocrx_word' id='word_1_115' title='bbox 534 722 770 768; x_wconf 86' lang='lat' dir='ltr'><strong>appositione</strong></span> <span class='ocrx_word' id='word_1_116' title='bbox 799 722 962 768; x_wconf 86' lang='lat' dir='ltr'><strong>quadam</strong></span> <span class='ocrx_word' id='word_1_117' title='bbox 990 722 1096 758; x_wconf 82' lang='lat' dir='ltr'><strong>addit</strong></span> <span class='ocrx_word' id='word_1_118' title='bbox 1122 733 1267 764; x_wconf 89' lang='lat' dir='ltr'><strong>nomen,</strong></span> <span class='ocrx_word' id='word_1_119' title='bbox 1295 723 1433 758; x_wconf 88' lang='lat' dir='ltr'><strong>velutsi</strong></span> <span class='ocrx_word' id='word_1_120' title='bbox 1461 725 1594 769; x_wconf 87' lang='lat' dir='ltr'><strong>postea</strong></span> <span class='ocrx_word' id='word_1_121' title='bbox 1621 723 1766 758; x_wconf 89' lang='lat' dir='ltr'><strong>demum</strong></span> 
     </span>
     <span class='ocr_line' id='line_1_12' title="bbox 199 776 1766 823; baseline 0.001 -13"><span class='ocrx_word' id='word_1_122' title='bbox 199 777 232 811; x_wconf 90' lang='lat' dir='ltr'><strong>ei</strong></span> <span class='ocrx_word' id='word_1_123' title='bbox 260 776 298 811; x_wconf 93' lang='lat' dir='ltr'><strong>in</strong></span> <span class='ocrx_word' id='word_1_124' title='bbox 328 778 484 811; x_wconf 87' lang='lat' dir='ltr'><strong>mentem</strong></span> <span class='ocrx_word' id='word_1_125' title='bbox 503 777 633 811; x_wconf 87' lang='lat' dir='ltr'><strong>veniat</strong></span> <span class='ocrx_word' id='word_1_126' title='bbox 660 787 736 811; x_wconf 93' lang='lat' dir='ltr'><strong>non</strong></span> <span class='ocrx_word' id='word_1_127' title='bbox 764 777 861 812; x_wconf 87' lang='lat' dir='ltr'><strong>satis</strong></span> <span class='ocrx_word' id='word_1_128' title='bbox 881 777 1116 823; x_wconf 91' lang='lat' dir='ltr'><strong>perspicuum</strong></span> <span class='ocrx_word' id='word_1_129' title='bbox 1136 788 1220 812; x_wconf 89' lang='lat' dir='ltr'><strong>esse</strong></span> <span class='ocrx_word' id='word_1_130' title='bbox 1240 777 1328 823; x_wconf 86' lang='lat' dir='ltr'><strong>quid</strong></span> <span class='ocrx_word' id='word_1_131' title='bbox 1348 777 1400 812; x_wconf 86' lang='lat' dir='ltr'><strong>sit</strong></span> <span class='ocrx_word' id='word_1_132' title='bbox 1418 778 1640 819; x_wconf 87' lang='lat' dir='ltr'><strong>subiectum;</strong></span> <span class='ocrx_word' id='word_1_133' title='bbox 1670 778 1766 812; x_wconf 89' lang='lat' dir='ltr'><strong>idem</strong></span> 
     </span>
     <span class='ocr_line' id='line_1_13' title="bbox 199 830 1764 878; baseline 0.001 -12"><span class='ocrx_word' id='word_1_134' title='bbox 199 830 237 865; x_wconf 92' lang='lat' dir='ltr'><strong>in</strong></span> <span class='ocrx_word' id='word_1_135' title='bbox 252 832 384 866; x_wconf 88' lang='lat' dir='ltr'><strong>nostra</strong></span> <span class='ocrx_word' id='word_1_136' title='bbox 397 830 526 877; x_wconf 87' lang='lat' dir='ltr'><strong>lingua</strong></span> <span class='ocrx_word' id='word_1_137' title='bbox 541 831 799 873; x_wconf 77' lang='lat' dir='ltr'><strong>observamus,</strong></span> <span class='ocrx_word' id='word_1_138' title='bbox 817 842 899 867; x_wconf 90' lang='lat' dir='ltr'><strong>cum</strong></span> <span class='ocrx_word' id='word_1_139' title='bbox 915 831 1169 878; x_wconf 84' lang='lat' dir='ltr'><strong>neglegentius</strong></span> <span class='ocrx_word' id='word_1_140' title='bbox 1181 841 1385 868; x_wconf 88' lang='lat' dir='ltr'><strong>narramus.</strong></span> <span class='ocrx_word' id='word_1_141' title='bbox 1400 852 1455 857; x_wconf 96' lang='lat'><strong>—</strong></span> <span class='ocrx_word' id='word_1_142' title='bbox 1470 831 1574 878; x_wconf 89' lang='lat' dir='ltr'><strong>Prop.</strong></span> <span class='ocrx_word' id='word_1_143' title='bbox 1586 831 1680 874; x_wconf 88' lang='lat'><strong>1111,</strong></span> <span class='ocrx_word' id='word_1_144' title='bbox 1696 831 1764 867; x_wconf 88' lang='lat'><strong>33:</strong></span> 
     </span>
     <span class='ocr_line' id='line_1_14' title="bbox 198 885 1762 929; baseline 0.001 -9"><span class='ocrx_word' id='word_1_145' title='bbox 198 896 266 920; x_wconf 90' lang='lat' dir='ltr'><strong>nec</strong></span> <span class='ocrx_word' id='word_1_146' title='bbox 295 896 369 920; x_wconf 94' lang='lat' dir='ltr'><strong>non</strong></span> <span class='ocrx_word' id='word_1_147' title='bbox 398 885 477 920; x_wconf 88' lang='lat' dir='ltr'><strong>ille</strong></span> <span class='ocrx_word' id='word_1_148' title='bbox 504 886 561 920; x_wconf 93' lang='lat' dir='ltr'><strong>tui</strong></span> <span class='ocrx_word' id='word_1_149' title='bbox 590 897 703 921; x_wconf 86' lang='lat' dir='ltr'><strong>casus</strong></span> <span class='ocrx_word' id='word_1_150' title='bbox 733 888 964 926; x_wconf 85' lang='lat' dir='ltr'><strong>memorator.</strong></span> <span class='ocrx_word' id='word_1_151' title='bbox 996 886 1228 927; x_wconf 88' lang='lat' dir='ltr'><strong>Homerus,</strong></span> <span class='ocrx_word' id='word_1_152' title='bbox 1247 913 1278 922; x_wconf 92' lang='lat'><strong>..</strong></span> <span class='ocrx_word' id='word_1_153' title='bbox 1296 913 1304 921; x_wconf 98' lang='lat'><strong>.</strong></span> <span class='ocrx_word' id='word_1_154' title='bbox 1333 887 1472 923; x_wconf 89' lang='lat' dir='ltr'><strong>sensit.</strong></span> <span class='ocrx_word' id='word_1_155' title='bbox 1489 898 1545 929; x_wconf 88' lang='grc'><strong>..;</strong></span> <span class='ocrx_word' id='word_1_156' title='bbox 1575 886 1626 921; x_wconf 93' lang='lat'><strong>111</strong></span> <span class='ocrx_word' id='word_1_157' title='bbox 1643 886 1703 927; x_wconf 95' lang='lat'><strong>15,</strong></span> <span class='ocrx_word' id='word_1_158' title='bbox 1721 886 1762 922; x_wconf 84' lang='lat'><strong>5:</strong></span> 
     </span>
     <span class='ocr_line' id='line_1_15' title="bbox 197 938 1767 986; baseline 0 -12"><span class='ocrx_word' id='word_1_159' title='bbox 197 938 279 974; x_wconf 85' lang='lat' dir='ltr'><strong>illa</strong></span> <span class='ocrx_word' id='word_1_160' title='bbox 299 965 307 974; x_wconf 89' lang='lat'><strong>.</strong></span> <span class='ocrx_word' id='word_1_161' title='bbox 328 965 336 974; x_wconf 89' lang='lat'><strong>.</strong></span> <span class='ocrx_word' id='word_1_162' title='bbox 357 966 365 974; x_wconf 90' lang='lat'><strong>.</strong></span> <span class='ocrx_word' id='word_1_163' title='bbox 395 939 537 980; x_wconf 89' lang='lat' dir='ltr'><strong>imbuit,</strong></span> <span class='ocrx_word' id='word_1_164' title='bbox 569 939 642 975; x_wconf 88' lang='lat' dir='ltr'><strong>heu</strong></span> <span class='ocrx_word' id='word_1_165' title='bbox 671 939 782 975; x_wconf 91' lang='lat' dir='ltr'><strong>nullis</strong></span> <span class='ocrx_word' id='word_1_166' title='bbox 812 940 925 986; x_wconf 89' lang='lat' dir='ltr'><strong>capta</strong></span> <span class='ocrx_word' id='word_1_167' title='bbox 951 939 1151 986; x_wconf 81' lang='lat' dir='ltr'><strong>Lycinna</strong></span> <span class='ocrx_word' id='word_1_168' title='bbox 1178 939 1293 982; x_wconf 80' lang='lat' dir='ltr'><strong>datis3</strong></span> <span class='ocrx_word' id='word_1_169' title='bbox 1323 939 1371 975; x_wconf 93' lang='lat' dir='ltr'><strong>III</strong></span> <span class='ocrx_word' id='word_1_170' title='bbox 1395 939 1454 981; x_wconf 93' lang='lat'><strong>19,</strong></span> <span class='ocrx_word' id='word_1_171' title='bbox 1480 940 1545 976; x_wconf 86' lang='lat'><strong>15:</strong></span> <span class='ocrx_word' id='word_1_172' title='bbox 1575 940 1709 976; x_wconf 86' lang='lat' dir='ltr'><strong>crimen</strong></span> <span class='ocrx_word' id='word_1_173' title='bbox 1728 941 1767 975; x_wconf 89' lang='lat' dir='ltr'><strong>et</strong></span> 
     </span>
     <span class='ocr_line' id='line_1_16' title="bbox 197 993 1763 1040; baseline 0.001 -12"><span class='ocrx_word' id='word_1_174' title='bbox 197 993 280 1029; x_wconf 89' lang='lat' dir='ltr'><strong>illa</strong></span> <span class='ocrx_word' id='word_1_175' title='bbox 307 994 391 1035; x_wconf 82' lang='lat' dir='ltr'><strong>fuit,</strong></span> <span class='ocrx_word' id='word_1_176' title='bbox 414 1021 421 1029; x_wconf 92' lang='lat'><strong>.</strong></span> <span class='ocrx_word' id='word_1_177' title='bbox 444 1020 451 1028; x_wconf 96' lang='lat'><strong>.</strong></span> <span class='ocrx_word' id='word_1_178' title='bbox 472 1022 480 1030; x_wconf 91' lang='lat'><strong>.</strong></span> <span class='ocrx_word' id='word_1_179' title='bbox 509 994 713 1039; x_wconf 84' lang='lat' dir='ltr'><strong>Myrrha.</strong></span> <span class='ocrx_word' id='word_1_180' title='bbox 736 1024 743 1031; x_wconf 92' lang='lat'><strong>.</strong></span> <span class='ocrx_word' id='word_1_181' title='bbox 764 1005 797 1039; x_wconf 83' lang='lat'><strong>.,·</strong></span> <span class='ocrx_word' id='word_1_182' title='bbox 823 994 873 1029; x_wconf 92' lang='lat' dir='ltr'><strong>lV</strong></span> <span class='ocrx_word' id='word_1_183' title='bbox 896 994 955 1035; x_wconf 91' lang='grc'><strong>10,</strong></span> <span class='ocrx_word' id='word_1_184' title='bbox 982 994 1046 1030; x_wconf 84' lang='lat'><strong>15:</strong></span> <span class='ocrx_word' id='word_1_185' title='bbox 1082 995 1191 1029; x_wconf 89' lang='lat' dir='ltr'><strong>haec</strong></span> <span class='ocrx_word' id='word_1_186' title='bbox 1219 995 1329 1030; x_wconf 92' lang='lat' dir='ltr'><strong>hodie</strong></span> <span class='ocrx_word' id='word_1_187' title='bbox 1347 995 1416 1030; x_wconf 91' lang='lat' dir='ltr'><strong>tibi</strong></span> <span class='ocrx_word' id='word_1_188' title='bbox 1434 995 1587 1030; x_wconf 83' lang='lat' dir='ltr'><strong>victima</strong></span> <span class='ocrx_word' id='word_1_189' title='bbox 1606 997 1763 1040; x_wconf 86' lang='lat' dir='ltr'><strong>corruet,</strong></span> 
     </span>
     <span class='ocr_line' id='line_1_17' title="bbox 196 1047 1761 1097; baseline 0.001 -16"><span class='ocrx_word' id='word_1_190' title='bbox 196 1048 350 1082; x_wconf 90' lang='lat' dir='ltr'><strong>Acron.</strong></span> <span class='ocrx_word' id='word_1_191' title='bbox 399 1047 448 1081; x_wconf 88' lang='lat' dir='ltr'><strong>lv</strong></span> <span class='ocrx_word' id='word_1_192' title='bbox 469 1047 504 1088; x_wconf 89' lang='grc'><strong>9,</strong></span> <span class='ocrx_word' id='word_1_193' title='bbox 528 1048 596 1082; x_wconf 87' lang='grc'><strong>71;</strong></span> <span class='ocrx_word' id='word_1_194' title='bbox 631 1048 767 1082; x_wconf 86' lang='lat' dir='ltr'><strong>Sancte</strong></span> <span class='ocrx_word' id='word_1_195' title='bbox 801 1049 917 1093; x_wconf 90' lang='lat' dir='ltr'><strong>pater,</strong></span> <span class='ocrx_word' id='word_1_196' title='bbox 962 1048 1077 1088; x_wconf 89' lang='lat' dir='ltr'><strong>salve,</strong></span> <span class='ocrx_word' id='word_1_197' title='bbox 1100 1074 1108 1082; x_wconf 91' lang='lat'><strong>.</strong></span> <span class='ocrx_word' id='word_1_198' title='bbox 1130 1073 1138 1082; x_wconf 93' lang='lat'><strong>.</strong></span> <span class='ocrx_word' id='word_1_199' title='bbox 1159 1073 1168 1083; x_wconf 97' lang='lat'><strong>.</strong></span> <span class='ocrx_word' id='word_1_200' title='bbox 1183 1073 1191 1088; x_wconf 98' lang='lat'><strong>,</strong></span> <span class='ocrx_word' id='word_1_201' title='bbox 1228 1048 1375 1088; x_wconf 86' lang='lat' dir='ltr'><strong>Sancte,</strong></span> <span class='ocrx_word' id='word_1_202' title='bbox 1411 1048 1505 1083; x_wconf 86' lang='lat' dir='ltr'><strong>velis</strong></span> <span class='ocrx_word' id='word_1_203' title='bbox 1526 1076 1534 1085; x_wconf 91' lang='lat'><strong>.</strong></span> <span class='ocrx_word' id='word_1_204' title='bbox 1555 1074 1563 1083; x_wconf 95' lang='lat'><strong>.</strong></span> <span class='ocrx_word' id='word_1_205' title='bbox 1583 1074 1593 1097; x_wconf 44' lang='grc' dir='ltr'><strong>ἶ</strong></span> <span class='ocrx_word' id='word_1_206' title='bbox 1626 1049 1761 1084; x_wconf 87' lang='lat' dir='ltr'><strong>inesse.</strong></span> 
     </span>
     <span class='ocr_line' id='line_1_18' title="bbox 196 1101 1762 1148; baseline 0.001 -12"><span class='ocrx_word' id='word_1_207' title='bbox 196 1101 328 1143; x_wconf 90' lang='lat' dir='ltr'><strong>hunc,</strong></span> <span class='ocrx_word' id='word_1_208' title='bbox 360 1101 536 1147; x_wconf 84' lang='lat' dir='ltr'><strong>quoniam</strong></span> <span class='ocrx_word' id='word_1_209' title='bbox 557 1128 564 1136; x_wconf 95' lang='lat'><strong>.</strong></span> <span class='ocrx_word' id='word_1_210' title='bbox 586 1128 594 1137; x_wconf 92' lang='lat'><strong>.</strong></span> <span class='ocrx_word' id='word_1_211' title='bbox 617 1128 625 1137; x_wconf 90' lang='lat'><strong>.</strong></span> <span class='ocrx_word' id='word_1_212' title='bbox 654 1103 832 1137; x_wconf 84' lang='lat' dir='ltr'><strong>sanxerat</strong></span> <span class='ocrx_word' id='word_1_213' title='bbox 850 1128 859 1137; x_wconf 88' lang='lat'><strong>.</strong></span> <span class='ocrx_word' id='word_1_214' title='bbox 881 1128 888 1137; x_wconf 92' lang='lat'><strong>.</strong></span> <span class='ocrx_word' id='word_1_215' title='bbox 910 1128 917 1136; x_wconf 92' lang='lat'><strong>.</strong></span> <span class='ocrx_word' id='word_1_216' title='bbox 937 1129 944 1143; x_wconf 94' lang='lat'><strong>,</strong></span> <span class='ocrx_word' id='word_1_217' title='bbox 981 1101 1062 1143; x_wconf 92' lang='lat' dir='ltr'><strong>sic,</strong></span> <span class='ocrx_word' id='word_1_218' title='bbox 1101 1101 1331 1143; x_wconf 91' lang='lat' dir='ltr'><strong>Sanctum,</strong></span> <span class='ocrx_word' id='word_1_219' title='bbox 1363 1101 1492 1137; x_wconf 86' lang='lat' dir='ltr'><strong>Tatiae</strong></span> <span class='ocrx_word' id='word_1_220' title='bbox 1521 1113 1762 1148; x_wconf 88' lang='lat' dir='ltr'><strong>composuere</strong></span> 
     </span>
     <span class='ocr_line' id='line_1_19' title="bbox 196 1155 1766 1201; baseline 0 -11"><span class='ocrx_word' id='word_1_221' title='bbox 196 1155 320 1190; x_wconf 87' lang='lat' dir='ltr'><strong>Cures.</strong></span> <span class='ocrx_word' id='word_1_222' title='bbox 352 1175 400 1181; x_wconf 89' lang='lat'>—</span> <span class='ocrx_word' id='word_1_223' title='bbox 428 1155 470 1190; x_wconf 89' lang='lat' dir='ltr'><strong>In</strong></span> <span class='ocrx_word' id='word_1_224' title='bbox 490 1155 677 1190; x_wconf 87' lang='lat' dir='ltr'><strong>sententia</strong></span> <span class='ocrx_word' id='word_1_225' title='bbox 696 1156 913 1191; x_wconf 89' lang='lat' dir='ltr'><strong>coordinata</strong></span> <span class='ocrx_word' id='word_1_226' title='bbox 932 1157 1109 1201; x_wconf 88' lang='lat' dir='ltr'><strong>sequente</strong></span> <span class='ocrx_word' id='word_1_227' title='bbox 1128 1155 1224 1190; x_wconf 90' lang='lat' dir='ltr'><strong>idem</strong></span> <span class='ocrx_word' id='word_1_228' title='bbox 1243 1155 1303 1191; x_wconf 86' lang='lat' dir='ltr'><strong>fit:</strong></span> <span class='ocrx_word' id='word_1_229' title='bbox 1332 1155 1366 1190; x_wconf 90' lang='lat'><strong>11</strong></span> <span class='ocrx_word' id='word_1_230' title='bbox 1391 1155 1449 1197; x_wconf 88' lang='grc'><strong>16,</strong></span> <span class='ocrx_word' id='word_1_231' title='bbox 1473 1155 1541 1191; x_wconf 85' lang='grc'><strong>53;</strong></span> <span class='ocrx_word' id='word_1_232' title='bbox 1570 1155 1646 1191; x_wconf 91' lang='lat' dir='ltr'><strong>ille</strong></span> <span class='ocrx_word' id='word_1_233' title='bbox 1665 1156 1766 1192; x_wconf 87' lang='lat' dir='ltr'><strong>solet</strong></span> 
     </span>
     <span class='ocr_line' id='line_1_20' title="bbox 195 1209 1763 1256; baseline 0.001 -12"><span class='ocrx_word' id='word_1_234' title='bbox 195 1209 325 1254; x_wconf 89' lang='lat' dir='ltr'><strong>punire</strong></span> <span class='ocrx_word' id='word_1_235' title='bbox 346 1236 353 1245; x_wconf 95' lang='lat'><strong>.</strong></span> <span class='ocrx_word' id='word_1_236' title='bbox 375 1237 383 1246; x_wconf 93' lang='lat'><strong>.</strong></span> <span class='ocrx_word' id='word_1_237' title='bbox 404 1236 438 1251; x_wconf 91' lang='lat'><strong>.,</strong></span> <span class='ocrx_word' id='word_1_238' title='bbox 469 1209 645 1255; x_wconf 90' lang='lat' dir='ltr'><strong>quoniam</strong></span> <span class='ocrx_word' id='word_1_239' title='bbox 673 1210 781 1245; x_wconf 85' lang='lat' dir='ltr'><strong>flevit</strong></span> <span class='ocrx_word' id='word_1_240' title='bbox 810 1212 847 1245; x_wconf 90' lang='lat' dir='ltr'><strong>et</strong></span> <span class='ocrx_word' id='word_1_241' title='bbox 873 1209 954 1255; x_wconf 89' lang='lat' dir='ltr'><strong>ipse</strong></span> <span class='ocrx_word' id='word_1_242' title='bbox 983 1210 1101 1245; x_wconf 89' lang='lat' dir='ltr'><strong>deus.</strong></span> <span class='ocrx_word' id='word_1_243' title='bbox 1129 1229 1185 1236; x_wconf 91' lang='lat'>—</span> <span class='ocrx_word' id='word_1_244' title='bbox 1212 1209 1340 1256; x_wconf 89' lang='lat' dir='ltr'><strong>Neque</strong></span> <span class='ocrx_word' id='word_1_245' title='bbox 1369 1209 1537 1245; x_wconf 89' lang='lat' dir='ltr'><strong>omittere</strong></span> <span class='ocrx_word' id='word_1_246' title='bbox 1561 1209 1648 1245; x_wconf 89' lang='lat' dir='ltr'><strong>licet</strong></span> <span class='ocrx_word' id='word_1_247' title='bbox 1664 1209 1763 1245; x_wconf 90' lang='lat' dir='ltr'><strong>hunc</strong></span> 
     </span>
     <span class='ocr_line' id='line_1_21' title="bbox 194 1263 1761 1310; baseline 0 -12"><span class='ocrx_word' id='word_1_248' title='bbox 194 1263 328 1305; x_wconf 89' lang='lat' dir='ltr'><strong>locum,</strong></span> <span class='ocrx_word' id='word_1_249' title='bbox 351 1264 414 1299; x_wconf 87' lang='lat' dir='ltr'><strong>ubi</strong></span> <span class='ocrx_word' id='word_1_250' title='bbox 435 1264 604 1299; x_wconf 84' lang='lat' dir='ltr'><strong>similiter</strong></span> <span class='ocrx_word' id='word_1_251' title='bbox 623 1275 736 1299; x_wconf 91' lang='lat' dir='ltr'><strong>casus</strong></span> <span class='ocrx_word' id='word_1_252' title='bbox 757 1264 932 1310; x_wconf 92' lang='lat' dir='ltr'><strong>obliquus</strong></span> <span class='ocrx_word' id='word_1_253' title='bbox 952 1264 1143 1309; x_wconf 90' lang='lat' dir='ltr'><strong>repetitur:</strong></span> <span class='ocrx_word' id='word_1_254' title='bbox 1174 1264 1206 1298; x_wconf 92' lang='grc' dir='ltr'><strong>ΙΙ</strong></span> <span class='ocrx_word' id='word_1_255' title='bbox 1222 1264 1285 1305; x_wconf 93' lang='grc'><strong>21,</strong></span> <span class='ocrx_word' id='word_1_256' title='bbox 1307 1264 1345 1300; x_wconf 85' lang='grc'><strong>1;</strong></span> <span class='ocrx_word' id='word_1_257' title='bbox 1374 1275 1398 1299; x_wconf 93' lang='lat' dir='ltr'><strong>a</strong></span> <span class='ocrx_word' id='word_1_258' title='bbox 1426 1265 1608 1310; x_wconf 87' lang='lat' dir='ltr'><strong>quantum</strong></span> <span class='ocrx_word' id='word_1_259' title='bbox 1626 1263 1761 1299; x_wconf 88' lang='lat' dir='ltr'><strong>Panthi</strong></span> 
     </span>
     <span class='ocr_line' id='line_1_22' title="bbox 193 1318 1762 1364; baseline 0.001 -11"><span class='ocrx_word' id='word_1_260' title='bbox 193 1318 261 1354; x_wconf 91' lang='lat' dir='ltr'><strong>tibi</strong></span> <span class='ocrx_word' id='word_1_261' title='bbox 290 1319 428 1364; x_wconf 81' lang='lat' dir='ltr'><strong>pagina</strong></span> <span class='ocrx_word' id='word_1_262' title='bbox 455 1318 576 1359; x_wconf 81' lang='lat' dir='ltr'><strong>finxit.</strong></span> <span class='ocrx_word' id='word_1_263' title='bbox 606 1320 752 1354; x_wconf 92' lang='lat' dir='ltr'><strong>tantum</strong></span> <span class='ocrx_word' id='word_1_264' title='bbox 782 1318 835 1354; x_wconf 90' lang='lat' dir='ltr'><strong>illi</strong></span> <span class='ocrx_word' id='word_1_265' title='bbox 863 1318 1010 1354; x_wconf 88' lang='lat' dir='ltr'><strong>Pantho</strong></span> <span class='ocrx_word' id='word_1_266' title='bbox 1039 1329 1085 1354; x_wconf 92' lang='lat' dir='ltr'><strong>ne</strong></span> <span class='ocrx_word' id='word_1_267' title='bbox 1115 1318 1166 1354; x_wconf 91' lang='lat' dir='ltr'><strong>sit</strong></span> <span class='ocrx_word' id='word_1_268' title='bbox 1184 1318 1306 1354; x_wconf 87' lang='lat' dir='ltr'><strong>amica</strong></span> <span class='ocrx_word' id='word_1_269' title='bbox 1324 1318 1466 1354; x_wconf 81' lang='lat' dir='ltr'><strong>Venus!</strong></span> <span class='ocrx_word' id='word_1_270' title='bbox 1494 1339 1544 1344; x_wconf 97' lang='lat'><strong>—</strong></span> <span class='ocrx_word' id='word_1_271' title='bbox 1564 1318 1620 1354; x_wconf 88' lang='lat' dir='ltr'><strong>Ad</strong></span> <span class='ocrx_word' id='word_1_272' title='bbox 1641 1320 1762 1354; x_wconf 88' lang='lat' dir='ltr'><strong>totum</strong></span> 
     </span>
     <span class='ocr_line' id='line_1_23' title="bbox 193 1372 1760 1419; baseline 0 -11"><span class='ocrx_word' id='word_1_273' title='bbox 193 1373 290 1408; x_wconf 90' lang='lat' dir='ltr'><strong>hunc</strong></span> <span class='ocrx_word' id='word_1_274' title='bbox 318 1373 441 1408; x_wconf 92' lang='lat' dir='ltr'><strong>locum</strong></span> <span class='ocrx_word' id='word_1_275' title='bbox 471 1373 515 1408; x_wconf 85' lang='lat' dir='ltr'><strong>cf.</strong></span> <span class='ocrx_word' id='word_1_276' title='bbox 564 1373 834 1408; x_wconf 80' lang='lat' dir='ltr'><strong>Jahn-Kroll</strong></span> <span class='ocrx_word' id='word_1_277' title='bbox 863 1373 911 1408; x_wconf 89' lang='lat' dir='ltr'><strong>ad</strong></span> <span class='ocrx_word' id='word_1_278' title='bbox 937 1373 1007 1408; x_wconf 86' lang='lat' dir='ltr'><strong>Cic.</strong></span> <span class='ocrx_word' id='word_1_279' title='bbox 1032 1373 1134 1409; x_wconf 84' lang='lat' dir='ltr'><strong>Brut.</strong></span> <span class='ocrx_word' id='word_1_280' title='bbox 1165 1372 1296 1419; x_wconf 86' lang='grc'>(1908)</span> <span class='ocrx_word' id='word_1_281' title='bbox 1330 1372 1417 1414; x_wconf 83' lang='grc'>106,</span> <span class='ocrx_word' id='word_1_282' title='bbox 1449 1373 1512 1419; x_wconf 93' lang='lat' dir='ltr'><strong>qui</strong></span> <span class='ocrx_word' id='word_1_283' title='bbox 1533 1373 1577 1408; x_wconf 89' lang='lat' dir='ltr'><strong>de</strong></span> <span class='ocrx_word' id='word_1_284' title='bbox 1596 1373 1668 1408; x_wconf 90' lang='lat' dir='ltr'><strong>hoc</strong></span> <span class='ocrx_word' id='word_1_285' title='bbox 1687 1383 1760 1408; x_wconf 91' lang='lat' dir='ltr'><strong>usu</strong></span> 
     </span>
     <span class='ocr_line' id='line_1_24' title="bbox 194 1427 1760 1474; baseline 0.001 -12"><span class='ocrx_word' id='word_1_286' title='bbox 194 1427 393 1473; x_wconf 86' lang='lat' dir='ltr'><strong>disputans</strong></span> <span class='ocrx_word' id='word_1_287' title='bbox 413 1455 420 1463; x_wconf 94' lang='lat'><strong>.</strong></span> <span class='ocrx_word' id='word_1_288' title='bbox 444 1455 450 1463; x_wconf 97' lang='lat'><strong>.</strong></span> <span class='ocrx_word' id='word_1_289' title='bbox 472 1455 479 1463; x_wconf 95' lang='lat'><strong>.</strong></span> <span class='ocrx_word' id='word_1_290' title='bbox 501 1428 569 1463; x_wconf 85' lang='lat' dir='ltr'><strong>das</strong></span> <span class='ocrx_word' id='word_1_291' title='bbox 599 1428 660 1467; x_wconf 83' lang='lat' dir='ltr'><strong>ist,</strong></span> <span class='ocrx_word' id='word_1_292' title='bbox 692 1428 824 1474; x_wconf 88' lang='lat' dir='ltr'><strong>inquit,</strong></span> <span class='ocrx_word' id='word_1_293' title='bbox 855 1439 926 1463; x_wconf 90' lang='lat' dir='ltr'><strong>aus</strong></span> <span class='ocrx_word' id='word_1_294' title='bbox 946 1428 1010 1463; x_wconf 88' lang='lat' dir='ltr'><strong>der</strong></span> <span class='ocrx_word' id='word_1_295' title='bbox 1028 1427 1374 1474; x_wconf 83' lang='lat' dir='ltr'><strong>Umgangssprache</strong></span> <span class='ocrx_word' id='word_1_296' title='bbox 1394 1427 1571 1469; x_wconf 87' lang='lat' dir='ltr'><strong>entlehnt,</strong></span> <span class='ocrx_word' id='word_1_297' title='bbox 1602 1427 1660 1463; x_wconf 90' lang='lat' dir='ltr'><strong>die</strong></span> <span class='ocrx_word' id='word_1_298' title='bbox 1681 1427 1760 1463; x_wconf 90' lang='lat' dir='ltr'><strong>sich</strong></span> 
     </span>
     <span class='ocr_line' id='line_1_25' title="bbox 193 1482 1074 1528; baseline 0 -12"><span class='ocrx_word' id='word_1_299' title='bbox 193 1482 232 1516; x_wconf 89' lang='lat' dir='ltr'><strong>in</strong></span> <span class='ocrx_word' id='word_1_300' title='bbox 261 1482 325 1517; x_wconf 88' lang='lat' dir='ltr'><strong>der</strong></span> <span class='ocrx_word' id='word_1_301' title='bbox 353 1482 603 1517; x_wconf 89' lang='lat' dir='ltr'><strong>Deutlichkeit</strong></span> <span class='ocrx_word' id='word_1_302' title='bbox 630 1482 689 1517; x_wconf 91' lang='lat' dir='ltr'><strong>nie</strong></span> <span class='ocrx_word' id='word_1_303' title='bbox 718 1493 840 1528; x_wconf 86' lang='lat' dir='ltr'><strong>genug</strong></span> <span class='ocrx_word' id='word_1_304' title='bbox 867 1484 933 1517; x_wconf 92' lang='lat' dir='ltr'><strong>tun</strong></span> <span class='ocrx_word' id='word_1_305' title='bbox 963 1482 1074 1517; x_wconf 88' lang='lat' dir='ltr'><strong>kann.</strong></span> 
     </span>
    </p>

    <p class='ocr_par' dir='ltr' id='par_1_3' title="bbox 189 1536 1759 1799">
     <span class='ocr_line' id='line_1_26' title="bbox 327 1536 1755 1582; baseline -0.001 -10"><span class='ocrx_word' id='word_1_306' title='bbox 327 1537 361 1572; x_wconf 84' lang='lat'><strong>8.</strong></span> <span class='ocrx_word' id='word_1_307' title='bbox 381 1536 724 1572; x_wconf 86' lang='lat' dir='ltr'><strong>Praedicatum</strong></span> <span class='ocrx_word' id='word_1_308' title='bbox 744 1547 1015 1582; x_wconf 81' lang='lat' dir='ltr'><strong>congruere</strong></span> <span class='ocrx_word' id='word_1_309' title='bbox 1035 1536 1180 1571; x_wconf 90' lang='lat' dir='ltr'><strong>debet</strong></span> <span class='ocrx_word' id='word_1_310' title='bbox 1205 1546 1306 1571; x_wconf 90' lang='lat' dir='ltr'><strong>cum</strong></span> <span class='ocrx_word' id='word_1_311' title='bbox 1327 1536 1547 1571; x_wconf 90' lang='lat' dir='ltr'><strong>subiecti</strong></span> <span class='ocrx_word' id='word_1_312' title='bbox 1565 1546 1755 1581; x_wconf 86' lang='lat' dir='ltr'><strong>genere,</strong></span> 
     </span>
     <span class='ocr_line' id='line_1_27' title="bbox 191 1589 1759 1636; baseline 0.001 -12"><span class='ocrx_word' id='word_1_313' title='bbox 191 1601 406 1632; x_wconf 89' lang='lat' dir='ltr'><strong>numero,</strong></span> <span class='ocrx_word' id='word_1_314' title='bbox 438 1601 572 1632; x_wconf 72' lang='lat' dir='ltr'><strong>casu,</strong></span> <span class='ocrx_word' id='word_1_315' title='bbox 603 1594 644 1626; x_wconf 89' lang='lat' dir='ltr'><strong>at</strong></span> <span class='ocrx_word' id='word_1_316' title='bbox 672 1602 784 1636; x_wconf 90' lang='lat' dir='ltr'><strong>saepe</strong></span> <span class='ocrx_word' id='word_1_317' title='bbox 813 1591 1028 1636; x_wconf 87' lang='lat' dir='ltr'><strong>Propertius</strong></span> <span class='ocrx_word' id='word_1_318' title='bbox 1062 1591 1100 1625; x_wconf 92' lang='lat' dir='ltr'><strong>in</strong></span> <span class='ocrx_word' id='word_1_319' title='bbox 1129 1601 1279 1625; x_wconf 90' lang='lat' dir='ltr'><strong>numero</strong></span> <span class='ocrx_word' id='word_1_320' title='bbox 1308 1592 1453 1636; x_wconf 88' lang='lat' dir='ltr'><strong>peccat:</strong></span> <span class='ocrx_word' id='word_1_321' title='bbox 1486 1589 1576 1630; x_wconf 91' lang='lat'><strong>114,</strong></span> <span class='ocrx_word' id='word_1_322' title='bbox 1594 1590 1661 1625; x_wconf 82' lang='lat'><strong>25:</strong></span> <span class='ocrx_word' id='word_1_323' title='bbox 1690 1601 1759 1635; x_wconf 86' lang='lat' dir='ltr'><strong>ego</strong></span> 
     </span>
     <span class='ocr_line' id='line_1_28' title="bbox 191 1643 1759 1691; baseline -0.001 -11"><span class='ocrx_word' id='word_1_324' title='bbox 191 1655 274 1680; x_wconf 90' lang='lat' dir='ltr'><strong>sum</strong></span> <span class='ocrx_word' id='word_1_325' title='bbox 303 1645 483 1691; x_wconf 71' lang='lat' dir='ltr'><strong>praemia,</strong></span> <span class='ocrx_word' id='word_1_326' title='bbox 519 1644 551 1679; x_wconf 97' lang='lat' dir='ltr'><strong>II</strong></span> <span class='ocrx_word' id='word_1_327' title='bbox 576 1645 635 1687; x_wconf 84' lang='lat'><strong>13,</strong></span> <span class='ocrx_word' id='word_1_328' title='bbox 654 1645 722 1687; x_wconf 87' lang='lat'><strong>25;</strong></span> <span class='ocrx_word' id='word_1_329' title='bbox 752 1646 827 1680; x_wconf 91' lang='lat' dir='ltr'><strong>tres</strong></span> <span class='ocrx_word' id='word_1_330' title='bbox 857 1645 933 1680; x_wconf 88' lang='lat' dir='ltr'><strong>sint</strong></span> <span class='ocrx_word' id='word_1_331' title='bbox 960 1655 1099 1691; x_wconf 88' lang='lat' dir='ltr'><strong>pompa</strong></span> <span class='ocrx_word' id='word_1_332' title='bbox 1126 1644 1254 1687; x_wconf 90' lang='lat' dir='ltr'><strong>libelli;</strong></span> <span class='ocrx_word' id='word_1_333' title='bbox 1284 1643 1333 1679; x_wconf 93' lang='lat' dir='ltr'><strong>IV</strong></span> <span class='ocrx_word' id='word_1_334' title='bbox 1352 1644 1389 1684; x_wconf 85' lang='lat'><strong>4,</strong></span> <span class='ocrx_word' id='word_1_335' title='bbox 1411 1644 1475 1680; x_wconf 92' lang='lat'><strong>13:</strong></span> <span class='ocrx_word' id='word_1_336' title='bbox 1504 1654 1631 1680; x_wconf 86' lang='lat' dir='ltr'><strong>murus</strong></span> <span class='ocrx_word' id='word_1_337' title='bbox 1654 1647 1759 1679; x_wconf 87' lang='lat' dir='ltr'><strong>erant</strong></span> 
     </span>
     <span class='ocr_line' id='line_1_29' title="bbox 190 1698 1756 1742; baseline -0.001 -7"><span class='ocrx_word' id='word_1_338' title='bbox 190 1702 351 1740; x_wconf 83' lang='lat' dir='ltr'><strong>montes:</strong></span> <span class='ocrx_word' id='word_1_339' title='bbox 377 1700 408 1735; x_wconf 90' lang='lat'><strong>11</strong></span> <span class='ocrx_word' id='word_1_340' title='bbox 423 1700 486 1741; x_wconf 88' lang='lat'><strong>25,</strong></span> <span class='ocrx_word' id='word_1_341' title='bbox 500 1700 568 1735; x_wconf 87' lang='lat'><strong>48:</strong></span> <span class='ocrx_word' id='word_1_342' title='bbox 589 1711 665 1735; x_wconf 89' lang='lat' dir='ltr'><strong>una</strong></span> <span class='ocrx_word' id='word_1_343' title='bbox 684 1700 735 1735; x_wconf 89' lang='lat' dir='ltr'><strong>sit</strong></span> <span class='ocrx_word' id='word_1_344' title='bbox 752 1700 892 1735; x_wconf 79' lang='lat' dir='ltr'><strong>femina</strong></span> <span class='ocrx_word' id='word_1_345' title='bbox 910 1699 1029 1735; x_wconf 89' lang='lat' dir='ltr'><strong>multa</strong></span> <span class='ocrx_word' id='word_1_346' title='bbox 1048 1699 1161 1742; x_wconf 88' lang='lat' dir='ltr'><strong>mala;</strong></span> <span class='ocrx_word' id='word_1_347' title='bbox 1183 1699 1295 1741; x_wconf 84' lang='lat'><strong>1128,</strong></span> <span class='ocrx_word' id='word_1_348' title='bbox 1309 1699 1348 1741; x_wconf 85' lang='lat'><strong>5;</strong></span> <span class='ocrx_word' id='word_1_349' title='bbox 1369 1699 1385 1734; x_wconf 94' lang='lat'><strong>1</strong></span> <span class='ocrx_word' id='word_1_350' title='bbox 1406 1699 1465 1740; x_wconf 93' lang='lat'><strong>11,</strong></span> <span class='ocrx_word' id='word_1_351' title='bbox 1479 1698 1546 1741; x_wconf 80' lang='lat'><strong>233</strong></span> <span class='ocrx_word' id='word_1_352' title='bbox 1566 1698 1597 1734; x_wconf 94' lang='lat'><strong>11</strong></span> <span class='ocrx_word' id='word_1_353' title='bbox 1615 1699 1756 1741; x_wconf 87' lang='grc'>19,10;</span> 
     </span>
     <span class='ocr_line' id='line_1_30' title="bbox 189 1752 1090 1799; baseline 0.001 -12"><span class='ocrx_word' id='word_1_354' title='bbox 189 1752 239 1788; x_wconf 91' lang='lat'><strong>111</strong></span> <span class='ocrx_word' id='word_1_355' title='bbox 264 1753 382 1796; x_wconf 85' lang='lat'><strong>1.16;</strong></span> <span class='ocrx_word' id='word_1_356' title='bbox 411 1753 628 1795; x_wconf 80' lang='lat'><strong>11113‚27;</strong></span> <span class='ocrx_word' id='word_1_357' title='bbox 658 1753 708 1788; x_wconf 91' lang='lat' dir='ltr'><strong>IV</strong></span> <span class='ocrx_word' id='word_1_358' title='bbox 732 1753 834 1794; x_wconf 89' lang='grc'>1,10</span> <span class='ocrx_word' id='word_1_359' title='bbox 863 1755 901 1789; x_wconf 90' lang='lat' dir='ltr'><strong>et</strong></span> <span class='ocrx_word' id='word_1_360' title='bbox 928 1753 1090 1799; x_wconf 88' lang='lat' dir='ltr'><strong>saepius.</strong></span> 
     </span>
    </p>

    <p class='ocr_par' dir='ltr' id='par_1_4' title="bbox 181 1807 1755 2778">
     <span class='ocr_line' id='line_1_31' title="bbox 327 1807 1755 1854; baseline -0.001 -11"><span class='ocrx_word' id='word_1_361' title='bbox 327 1808 361 1844; x_wconf 88' lang='lat'><strong>9.</strong></span> <span class='ocrx_word' id='word_1_362' title='bbox 392 1808 430 1844; x_wconf 91' lang='lat' dir='ltr'><strong>Si</strong></span> <span class='ocrx_word' id='word_1_363' title='bbox 469 1808 815 1854; x_wconf 90' lang='lat' dir='ltr'><strong>compluribus</strong></span> <span class='ocrx_word' id='word_1_364' title='bbox 856 1808 1109 1844; x_wconf 90' lang='lat' dir='ltr'><strong>subiectis</strong></span> <span class='ocrx_word' id='word_1_365' title='bbox 1138 1818 1278 1843; x_wconf 91' lang='lat' dir='ltr'><strong>unum</strong></span> <span class='ocrx_word' id='word_1_366' title='bbox 1319 1807 1526 1843; x_wconf 86' lang='lat' dir='ltr'><strong>additur</strong></span> <span class='ocrx_word' id='word_1_367' title='bbox 1553 1807 1755 1852; x_wconf 87' lang='lat' dir='ltr'><strong>praedi—</strong></span> 
     </span>
     <span class='ocr_line' id='line_1_32' title="bbox 189 1860 1754 1909; baseline -0.001 -12"><span class='ocrx_word' id='word_1_368' title='bbox 189 1864 364 1904; x_wconf 83' lang='lat' dir='ltr'><strong>catum,</strong></span> <span class='ocrx_word' id='word_1_369' title='bbox 392 1862 607 1909; x_wconf 87' lang='lat' dir='ltr'><strong>Propertius</strong></span> <span class='ocrx_word' id='word_1_370' title='bbox 632 1864 824 1908; x_wconf 87' lang='lat' dir='ltr'><strong>poetamm</strong></span> <span class='ocrx_word' id='word_1_371' title='bbox 850 1873 950 1898; x_wconf 89' lang='lat' dir='ltr'><strong>more</strong></span> <span class='ocrx_word' id='word_1_372' title='bbox 976 1861 1033 1908; x_wconf 83' lang='lat' dir='ltr'><strong>(cf.</strong></span> <span class='ocrx_word' id='word_1_373' title='bbox 1050 1861 1220 1897; x_wconf 85' lang='lat' dir='ltr'><strong>Schmalz</strong></span> <span class='ocrx_word' id='word_1_374' title='bbox 1246 1873 1281 1908; x_wconf 87' lang='lat' dir='ltr'><strong>p.</strong></span> <span class='ocrx_word' id='word_1_375' title='bbox 1302 1861 1392 1903; x_wconf 89' lang='grc'>219,</span> <span class='ocrx_word' id='word_1_376' title='bbox 1414 1861 1474 1906; x_wconf 88' lang='grc'>19)</span> <span class='ocrx_word' id='word_1_377' title='bbox 1504 1860 1754 1906; x_wconf 85' lang='lat' dir='ltr'><strong>singulari</strong></span> 
     </span>
     <span class='ocr_line' id='line_1_33' title="bbox 188 1915 1755 1963; baseline 0 -12"><span class='ocrx_word' id='word_1_378' title='bbox 188 1927 211 1951; x_wconf 94' lang='lat' dir='ltr'><strong>n</strong></span> <span class='ocrx_word' id='word_1_379' title='bbox 223 1928 247 1951; x_wconf 97' lang='lat' dir='ltr'><strong>u</strong></span> <span class='ocrx_word' id='word_1_380' title='bbox 258 1928 293 1952; x_wconf 94' lang='lat' dir='ltr'><strong>m</strong></span> <span class='ocrx_word' id='word_1_381' title='bbox 305 1928 324 1952; x_wconf 92' lang='lat' dir='ltr'><strong>e</strong></span> <span class='ocrx_word' id='word_1_382' title='bbox 335 1928 352 1952; x_wconf 94' lang='lat' dir='ltr'><strong>r</strong></span> <span class='ocrx_word' id='word_1_383' title='bbox 363 1928 385 1953; x_wconf 94' lang='grc' dir='ltr'>ο</span> <span class='ocrx_word' id='word_1_384' title='bbox 405 1917 461 1952; x_wconf 93' lang='lat' dir='ltr'><strong>uti</strong></span> <span class='ocrx_word' id='word_1_385' title='bbox 475 1917 551 1952; x_wconf 76' lang='lat' dir='ltr'><strong>iere</strong></span> <span class='ocrx_word' id='word_1_386' title='bbox 564 1917 659 1952; x_wconf 88' lang='lat' dir='ltr'><strong>solet</strong></span> <span class='ocrx_word' id='word_1_387' title='bbox 679 1928 702 1962; x_wconf 94' lang='lat' dir='ltr'><strong>p</strong></span> <span class='ocrx_word' id='word_1_388' title='bbox 713 1928 763 1953; x_wconf 93' lang='lat' dir='ltr'><strong>ro</strong></span> <span class='ocrx_word' id='word_1_389' title='bbox 785 1917 867 1963; x_wconf 93' lang='lat' dir='ltr'><strong>plu</strong></span> <span class='ocrx_word' id='word_1_390' title='bbox 878 1928 895 1952; x_wconf 88' lang='lat' dir='ltr'><strong>r</strong></span> <span class='ocrx_word' id='word_1_391' title='bbox 906 1917 984 1952; x_wconf 90' lang='lat' dir='ltr'><strong>ali.</strong></span> <span class='ocrx_word' id='word_1_392' title='bbox 1016 1917 1084 1960; x_wconf 88' lang='lat' dir='ltr'><strong>Qui</strong></span> <span class='ocrx_word' id='word_1_393' title='bbox 1101 1916 1301 1962; x_wconf 87' lang='lat' dir='ltr'><strong>singularis</strong></span> <span class='ocrx_word' id='word_1_394' title='bbox 1316 1915 1416 1962; x_wconf 90' lang='lat' dir='ltr'><strong>apud</strong></span> <span class='ocrx_word' id='word_1_395' title='bbox 1432 1915 1593 1961; x_wconf 90' lang='lat' dir='ltr'><strong>optimos</strong></span> <span class='ocrx_word' id='word_1_396' title='bbox 1609 1926 1755 1962; x_wconf 91' lang='lat' dir='ltr'><strong>quoque</strong></span> 
     </span>
     <span class='ocr_line' id='line_1_34' title="bbox 189 1969 1754 2017; baseline 0.001 -12"><span class='ocrx_word' id='word_1_397' title='bbox 189 1971 387 2016; x_wconf 87' lang='lat' dir='ltr'><strong>scriptores</strong></span> <span class='ocrx_word' id='word_1_398' title='bbox 416 1971 612 2013; x_wconf 89' lang='lat' dir='ltr'><strong>invenitur,</strong></span> <span class='ocrx_word' id='word_1_399' title='bbox 653 1972 686 2007; x_wconf 89' lang='lat' dir='ltr'><strong>si</strong></span> <span class='ocrx_word' id='word_1_400' title='bbox 716 1971 927 2017; x_wconf 82' lang='lat' dir='ltr'><strong>significare</strong></span> <span class='ocrx_word' id='word_1_401' title='bbox 955 1971 1089 2006; x_wconf 89' lang='lat' dir='ltr'><strong>volunt</strong></span> <span class='ocrx_word' id='word_1_402' title='bbox 1127 1970 1280 2006; x_wconf 88' lang='lat' dir='ltr'><strong>alterius</strong></span> <span class='ocrx_word' id='word_1_403' title='bbox 1309 1970 1467 2005; x_wconf 91' lang='lat' dir='ltr'><strong>subiecti</strong></span> <span class='ocrx_word' id='word_1_404' title='bbox 1496 1969 1677 2005; x_wconf 88' lang='lat' dir='ltr'><strong>actionem</strong></span> <span class='ocrx_word' id='word_1_405' title='bbox 1706 1971 1754 2006; x_wconf 90' lang='lat' dir='ltr'><strong>ab</strong></span> 
     </span>
     <span class='ocr_line' id='line_1_35' title="bbox 188 2024 1751 2072; baseline 0 -12"><span class='ocrx_word' id='word_1_406' title='bbox 188 2025 305 2061; x_wconf 84' lang='lat' dir='ltr'><strong>altero</strong></span> <span class='ocrx_word' id='word_1_407' title='bbox 335 2025 616 2071; x_wconf 88' lang='lat' dir='ltr'><strong>disiungendam</strong></span> <span class='ocrx_word' id='word_1_408' title='bbox 646 2036 742 2066; x_wconf 83' lang='lat' dir='ltr'><strong>esse,</strong></span> <span class='ocrx_word' id='word_1_409' title='bbox 780 2025 880 2072; x_wconf 90' lang='lat' dir='ltr'><strong>quod</strong></span> <span class='ocrx_word' id='word_1_410' title='bbox 918 2025 1017 2071; x_wconf 88' lang='lat' dir='ltr'><strong>apud</strong></span> <span class='ocrx_word' id='word_1_411' title='bbox 1046 2024 1276 2071; x_wconf 88' lang='lat' dir='ltr'><strong>Propertium</strong></span> <span class='ocrx_word' id='word_1_412' title='bbox 1315 2034 1462 2070; x_wconf 89' lang='lat' dir='ltr'><strong>quoque</strong></span> <span class='ocrx_word' id='word_1_413' title='bbox 1499 2024 1751 2060; x_wconf 88' lang='lat' dir='ltr'><strong>observamus.</strong></span> 
     </span>
     <span class='ocr_line' id='line_1_36' title="bbox 188 2078 1751 2128; baseline -0.001 -13"><span class='ocrx_word' id='word_1_414' title='bbox 188 2079 347 2126; x_wconf 89' lang='lat' dir='ltr'><strong>Saepius</strong></span> <span class='ocrx_word' id='word_1_415' title='bbox 377 2082 501 2115; x_wconf 89' lang='lat' dir='ltr'><strong>autem</strong></span> <span class='ocrx_word' id='word_1_416' title='bbox 530 2082 723 2125; x_wconf 89' lang='lat' dir='ltr'><strong>poetarum</strong></span> <span class='ocrx_word' id='word_1_417' title='bbox 762 2090 898 2115; x_wconf 88' lang='lat' dir='ltr'><strong>morem</strong></span> <span class='ocrx_word' id='word_1_418' title='bbox 934 2082 1087 2128; x_wconf 85' lang='lat' dir='ltr'><strong>secutus</strong></span> <span class='ocrx_word' id='word_1_419' title='bbox 1117 2079 1201 2115; x_wconf 86' lang='lat' dir='ltr'><strong>aliis</strong></span> <span class='ocrx_word' id='word_1_420' title='bbox 1231 2089 1380 2126; x_wconf 90' lang='lat' dir='ltr'><strong>quoque</strong></span> <span class='ocrx_word' id='word_1_421' title='bbox 1408 2078 1500 2114; x_wconf 86' lang='lat' dir='ltr'><strong>locis</strong></span> <span class='ocrx_word' id='word_1_422' title='bbox 1529 2078 1647 2114; x_wconf 85' lang='lat' dir='ltr'><strong>utitur</strong></span> <span class='ocrx_word' id='word_1_423' title='bbox 1675 2079 1751 2114; x_wconf 90' lang='lat' dir='ltr'><strong>sin-</strong></span> 
     </span>
     <span class='ocr_line' id='line_1_37' title="bbox 187 2132 1749 2180; baseline 0 -11"><span class='ocrx_word' id='word_1_424' title='bbox 187 2134 308 2178; x_wconf 78' lang='lat' dir='ltr'><strong>gulari</strong></span> <span class='ocrx_word' id='word_1_425' title='bbox 327 2145 479 2170; x_wconf 89' lang='lat' dir='ltr'><strong>numero</strong></span> <span class='ocrx_word' id='word_1_426' title='bbox 499 2145 565 2180; x_wconf 89' lang='lat' dir='ltr'><strong>pro</strong></span> <span class='ocrx_word' id='word_1_427' title='bbox 586 2134 731 2180; x_wconf 89' lang='lat' dir='ltr'><strong>plurali,</strong></span> <span class='ocrx_word' id='word_1_428' title='bbox 762 2135 804 2169; x_wconf 90' lang='lat' dir='ltr'><strong>ut</strong></span> <span class='ocrx_word' id='word_1_429' title='bbox 831 2133 862 2169; x_wconf 94' lang='lat'><strong>11</strong></span> <span class='ocrx_word' id='word_1_430' title='bbox 882 2134 917 2175; x_wconf 88' lang='lat'><strong>2,</strong></span> <span class='ocrx_word' id='word_1_431' title='bbox 936 2133 1004 2175; x_wconf 89' lang='grc'><strong>27;</strong></span> <span class='ocrx_word' id='word_1_432' title='bbox 1035 2133 1070 2176; x_wconf 89' lang='grc'><strong>6,</strong></span> <span class='ocrx_word' id='word_1_433' title='bbox 1089 2134 1156 2176; x_wconf 88' lang='grc'><strong>23;</strong></span> <span class='ocrx_word' id='word_1_434' title='bbox 1187 2134 1223 2175; x_wconf 93' lang='grc'><strong>9,</strong></span> <span class='ocrx_word' id='word_1_435' title='bbox 1239 2134 1304 2176; x_wconf 83' lang='grc'><strong>15;</strong></span> <span class='ocrx_word' id='word_1_436' title='bbox 1335 2133 1398 2173; x_wconf 88' lang='grc'><strong>20,</strong></span> <span class='ocrx_word' id='word_1_437' title='bbox 1416 2132 1480 2175; x_wconf 89' lang='grc'><strong>19;</strong></span> <span class='ocrx_word' id='word_1_438' title='bbox 1510 2132 1572 2174; x_wconf 85' lang='grc'><strong>25,</strong></span> <span class='ocrx_word' id='word_1_439' title='bbox 1590 2132 1653 2176; x_wconf 85' lang='grc'><strong>15;</strong></span> <span class='ocrx_word' id='word_1_440' title='bbox 1683 2134 1749 2174; x_wconf 86' lang='grc'><strong>46;</strong></span> 
     </span>
     <span class='ocr_line' id='line_1_38' title="bbox 188 2187 1752 2235; baseline 0.001 -12"><span class='ocrx_word' id='word_1_441' title='bbox 188 2189 232 2223; x_wconf 82' lang='lat' dir='ltr'><strong>cf.</strong></span> <span class='ocrx_word' id='word_1_442' title='bbox 258 2189 337 2230; x_wconf 91' lang='lat' dir='ltr'><strong>Ax,</strong></span> <span class='ocrx_word' id='word_1_443' title='bbox 370 2189 414 2223; x_wconf 87' lang='lat' dir='ltr'><strong>de</strong></span> <span class='ocrx_word' id='word_1_444' title='bbox 443 2200 547 2224; x_wconf 85' lang='lat' dir='ltr'><strong>anae.</strong></span> <span class='ocrx_word' id='word_1_445' title='bbox 577 2189 697 2224; x_wconf 85' lang='lat' dir='ltr'><strong>Plaut.</strong></span> <span class='ocrx_word' id='word_1_446' title='bbox 727 2188 805 2225; x_wconf 86' lang='lat' dir='ltr'><strong>Ter.</strong></span> <span class='ocrx_word' id='word_1_447' title='bbox 831 2200 864 2233; x_wconf 88' lang='lat' dir='ltr'><strong>p.</strong></span> <span class='ocrx_word' id='word_1_448' title='bbox 882 2189 943 2224; x_wconf 90' lang='grc'><strong>30.</strong></span> <span class='ocrx_word' id='word_1_449' title='bbox 999 2188 1056 2224; x_wconf 87' lang='lat' dir='ltr'><strong>Ita</strong></span> <span class='ocrx_word' id='word_1_450' title='bbox 1093 2189 1312 2235; x_wconf 87' lang='lat' dir='ltr'><strong>saepissime</strong></span> <span class='ocrx_word' id='word_1_451' title='bbox 1341 2187 1541 2233; x_wconf 85' lang='lat' dir='ltr'><strong>singularis</strong></span> <span class='ocrx_word' id='word_1_452' title='bbox 1577 2198 1752 2224; x_wconf 88' lang='lat' dir='ltr'><strong>numerus</strong></span> 
     </span>
     <span class='ocr_line' id='line_1_39' title="bbox 186 2241 1749 2289; baseline 0.001 -11"><span class='ocrx_word' id='word_1_453' title='bbox 186 2243 341 2278; x_wconf 85' lang='lat' dir='ltr'><strong>refertur</strong></span> <span class='ocrx_word' id='word_1_454' title='bbox 360 2243 407 2278; x_wconf 87' lang='lat' dir='ltr'><strong>ad</strong></span> <span class='ocrx_word' id='word_1_455' title='bbox 428 2242 635 2289; x_wconf 88' lang='lat' dir='ltr'><strong>proximum</strong></span> <span class='ocrx_word' id='word_1_456' title='bbox 655 2242 873 2285; x_wconf 88' lang='lat' dir='ltr'><strong>subiectum,</strong></span> <span class='ocrx_word' id='word_1_457' title='bbox 904 2245 946 2278; x_wconf 92' lang='lat' dir='ltr'><strong>ut</strong></span> <span class='ocrx_word' id='word_1_458' title='bbox 971 2243 985 2278; x_wconf 97' lang='lat' dir='ltr'>I</span> <span class='ocrx_word' id='word_1_459' title='bbox 1006 2243 1146 2286; x_wconf 91' lang='grc'>17,10;</span> <span class='ocrx_word' id='word_1_460' title='bbox 1180 2243 1240 2285; x_wconf 91' lang='grc'><strong>18,</strong></span> <span class='ocrx_word' id='word_1_461' title='bbox 1258 2242 1325 2285; x_wconf 87' lang='grc'><strong>27;</strong></span> <span class='ocrx_word' id='word_1_462' title='bbox 1355 2241 1387 2277; x_wconf 95' lang='lat' dir='ltr'><strong>II</strong></span> <span class='ocrx_word' id='word_1_463' title='bbox 1408 2241 1444 2283; x_wconf 92' lang='lat'><strong>2,</strong></span> <span class='ocrx_word' id='word_1_464' title='bbox 1462 2241 1502 2284; x_wconf 86' lang='lat'><strong>5;</strong></span> <span class='ocrx_word' id='word_1_465' title='bbox 1532 2241 1567 2282; x_wconf 86' lang='lat'><strong>3,</strong></span> <span class='ocrx_word' id='word_1_466' title='bbox 1586 2241 1625 2284; x_wconf 86' lang='lat'><strong>9;</strong></span> <span class='ocrx_word' id='word_1_467' title='bbox 1655 2242 1691 2285; x_wconf 88' lang='lat'><strong>4,</strong></span> <span class='ocrx_word' id='word_1_468' title='bbox 1709 2244 1749 2285; x_wconf 74' lang='grc' dir='ltr'><strong>7ς</strong></span> 
     </span>
     <span class='ocr_line' id='line_1_40' title="bbox 187 2295 1746 2343; baseline 0.001 -11"><span class='ocrx_word' id='word_1_469' title='bbox 187 2297 250 2338; x_wconf 90' lang='grc'><strong>28,</strong></span> <span class='ocrx_word' id='word_1_470' title='bbox 270 2297 310 2339; x_wconf 83' lang='grc'><strong>5;</strong></span> <span class='ocrx_word' id='word_1_471' title='bbox 341 2297 407 2338; x_wconf 86' lang='grc'><strong>51;</strong></span> <span class='ocrx_word' id='word_1_472' title='bbox 439 2297 505 2338; x_wconf 80' lang='grc' dir='ltr'><strong>53ς</strong></span> <span class='ocrx_word' id='word_1_473' title='bbox 542 2296 709 2343; x_wconf 90' lang='lat' dir='ltr'><strong>(aliorum</strong></span> <span class='ocrx_word' id='word_1_474' title='bbox 739 2297 960 2343; x_wconf 88' lang='lat' dir='ltr'><strong>scriptorum</strong></span> <span class='ocrx_word' id='word_1_475' title='bbox 990 2298 1159 2343; x_wconf 85' lang='lat' dir='ltr'><strong>exempla</strong></span> <span class='ocrx_word' id='word_1_476' title='bbox 1187 2298 1340 2343; x_wconf 89' lang='lat' dir='ltr'><strong>praebet</strong></span> <span class='ocrx_word' id='word_1_477' title='bbox 1367 2296 1581 2341; x_wconf 84' lang='lat' dir='ltr'><strong>Draeger</strong></span> <span class='ocrx_word' id='word_1_478' title='bbox 1603 2295 1642 2331; x_wconf 77' lang='lat'><strong>1²</strong></span> <span class='ocrx_word' id='word_1_479' title='bbox 1659 2297 1746 2339; x_wconf 91' lang='grc'>177,</span> 
     </span>
     <span class='ocr_line' id='line_1_41' title="bbox 185 2349 1747 2399; baseline 0 -13"><span class='ocrx_word' id='word_1_480' title='bbox 185 2362 308 2398; x_wconf 88' lang='lat' dir='ltr'><strong>pauca</strong></span> <span class='ocrx_word' id='word_1_481' title='bbox 337 2362 382 2386; x_wconf 89' lang='lat' dir='ltr'><strong>ex</strong></span> <span class='ocrx_word' id='word_1_482' title='bbox 411 2352 493 2397; x_wconf 89' lang='lat' dir='ltr'><strong>ipso</strong></span> <span class='ocrx_word' id='word_1_483' title='bbox 515 2351 699 2390; x_wconf 84' lang='lat' dir='ltr'><strong>Cicerone.</strong></span> <span class='ocrx_word' id='word_1_484' title='bbox 730 2351 914 2397; x_wconf 89' lang='lat' dir='ltr'><strong>permulta</strong></span> <span class='ocrx_word' id='word_1_485' title='bbox 942 2363 961 2387; x_wconf 91' lang='lat' dir='ltr'><strong>e</strong></span> <span class='ocrx_word' id='word_1_486' title='bbox 984 2351 1111 2399; x_wconf 87' lang='lat' dir='ltr'><strong>Livio).</strong></span> <span class='ocrx_word' id='word_1_487' title='bbox 1155 2352 1235 2387; x_wconf 93' lang='lat' dir='ltr'><strong>Uno</strong></span> <span class='ocrx_word' id='word_1_488' title='bbox 1264 2351 1388 2386; x_wconf 89' lang='lat' dir='ltr'><strong>autem</strong></span> <span class='ocrx_word' id='word_1_489' title='bbox 1417 2350 1499 2386; x_wconf 89' lang='lat' dir='ltr'><strong>loco</strong></span> <span class='ocrx_word' id='word_1_490' title='bbox 1524 2349 1747 2396; x_wconf 90' lang='lat' dir='ltr'><strong>Propertius,</strong></span> 
     </span>
     <span class='ocr_line' id='line_1_42' title="bbox 185 2405 1748 2452; baseline 0.001 -12"><span class='ocrx_word' id='word_1_491' title='bbox 185 2417 260 2452; x_wconf 91' lang='lat' dir='ltr'><strong>quo</strong></span> <span class='ocrx_word' id='word_1_492' title='bbox 289 2406 484 2452; x_wconf 88' lang='lat' dir='ltr'><strong>utriusque</strong></span> <span class='ocrx_word' id='word_1_493' title='bbox 512 2406 669 2442; x_wconf 89' lang='lat' dir='ltr'><strong>subiecti</strong></span> <span class='ocrx_word' id='word_1_494' title='bbox 699 2406 798 2441; x_wconf 88' lang='lat' dir='ltr'><strong>actio</strong></span> <span class='ocrx_word' id='word_1_495' title='bbox 828 2407 1028 2451; x_wconf 88' lang='lat' dir='ltr'><strong>separatim</strong></span> <span class='ocrx_word' id='word_1_496' title='bbox 1056 2405 1304 2450; x_wconf 89' lang='lat' dir='ltr'><strong>intellegenda</strong></span> <span class='ocrx_word' id='word_1_497' title='bbox 1332 2406 1400 2446; x_wconf 90' lang='lat' dir='ltr'><strong>est,</strong></span> <span class='ocrx_word' id='word_1_498' title='bbox 1436 2414 1586 2440; x_wconf 90' lang='lat' dir='ltr'><strong>numero</strong></span> <span class='ocrx_word' id='word_1_499' title='bbox 1614 2405 1748 2450; x_wconf 87' lang='lat' dir='ltr'><strong>plurali</strong></span> 
     </span>
     <span class='ocr_line' id='line_1_43' title="bbox 184 2458 1746 2507; baseline 0.001 -12"><span class='ocrx_word' id='word_1_500' title='bbox 184 2461 239 2495; x_wconf 84' lang='lat' dir='ltr'><strong>uti</strong></span> <span class='ocrx_word' id='word_1_501' title='bbox 260 2460 419 2495; x_wconf 89' lang='lat' dir='ltr'><strong>videtur:</strong></span> <span class='ocrx_word' id='word_1_502' title='bbox 450 2460 481 2496; x_wconf 97' lang='lat' dir='ltr'><strong>II</strong></span> <span class='ocrx_word' id='word_1_503' title='bbox 500 2461 563 2503; x_wconf 92' lang='lat'><strong>22,</strong></span> <span class='ocrx_word' id='word_1_504' title='bbox 583 2460 649 2496; x_wconf 87' lang='lat'><strong>33:</strong></span> <span class='ocrx_word' id='word_1_505' title='bbox 680 2460 741 2496; x_wconf 90' lang='lat' dir='ltr'><strong>ille</strong></span> <span class='ocrx_word' id='word_1_506' title='bbox 761 2460 821 2495; x_wconf 90' lang='lat' dir='ltr'><strong>vel</strong></span> <span class='ocrx_word' id='word_1_507' title='bbox 848 2460 919 2502; x_wconf 89' lang='lat' dir='ltr'><strong>hic,</strong></span> <span class='ocrx_word' id='word_1_508' title='bbox 951 2460 1086 2496; x_wconf 87' lang='lat' dir='ltr'><strong>classis</strong></span> <span class='ocrx_word' id='word_1_509' title='bbox 1106 2460 1343 2507; x_wconf 90' lang='lat' dir='ltr'><strong>poterant</strong></span> <span class='ocrx_word' id='word_1_510' title='bbox 1370 2458 1430 2494; x_wconf 87' lang='lat' dir='ltr'><strong>vel</strong></span> <span class='ocrx_word' id='word_1_511' title='bbox 1455 2458 1602 2505; x_wconf 89' lang='lat' dir='ltr'><strong>perdere</strong></span> <span class='ocrx_word' id='word_1_512' title='bbox 1622 2470 1746 2496; x_wconf 89' lang='lat' dir='ltr'><strong>muros</strong></span> 
     </span>
     <span class='ocr_line' id='line_1_44' title="bbox 184 2514 1748 2562; baseline -0.001 -10"><span class='ocrx_word' id='word_1_513' title='bbox 184 2517 370 2562; x_wconf 74' lang='lat' dir='ltr'><strong>(poterant</strong></span> <span class='ocrx_word' id='word_1_514' title='bbox 397 2515 443 2557; x_wconf 88' lang='lat' dir='ltr'><strong>N;</strong></span> <span class='ocrx_word' id='word_1_515' title='bbox 483 2518 630 2562; x_wconf 87' lang='lat' dir='ltr'><strong>poterat</strong></span> <span class='ocrx_word' id='word_1_516' title='bbox 658 2514 794 2557; x_wconf 83' lang='lat' dir='ltr'><strong>FLDV;</strong></span> <span class='ocrx_word' id='word_1_517' title='bbox 833 2515 943 2551; x_wconf 89' lang='lat' dir='ltr'><strong>unius</strong></span> <span class='ocrx_word' id='word_1_518' title='bbox 983 2516 1120 2552; x_wconf 90' lang='lat' dir='ltr'><strong>codicis</strong></span> <span class='ocrx_word' id='word_1_519' title='bbox 1157 2515 1190 2550; x_wconf 95' lang='lat' dir='ltr'>N</span> <span class='ocrx_word' id='word_1_520' title='bbox 1227 2514 1336 2550; x_wconf 90' lang='lat' dir='ltr'><strong>lectio</strong></span> <span class='ocrx_word' id='word_1_521' title='bbox 1373 2516 1474 2549; x_wconf 90' lang='lat' dir='ltr'><strong>recta</strong></span> <span class='ocrx_word' id='word_1_522' title='bbox 1513 2524 1595 2550; x_wconf 86' lang='lat' dir='ltr'><strong>esse</strong></span> <span class='ocrx_word' id='word_1_523' title='bbox 1623 2515 1748 2561; x_wconf 89' lang='lat' dir='ltr'><strong>potest</strong></span> 
     </span>
     <span class='ocr_line' id='line_1_45' title="bbox 182 2569 1744 2616; baseline 0 -11"><span class='ocrx_word' id='word_1_524' title='bbox 182 2573 297 2616; x_wconf 88' lang='lat' dir='ltr'><strong>atque</strong></span> <span class='ocrx_word' id='word_1_525' title='bbox 327 2581 454 2605; x_wconf 88' lang='lat' dir='ltr'><strong>omnes</strong></span> <span class='ocrx_word' id='word_1_526' title='bbox 482 2571 557 2605; x_wconf 80' lang='lat' dir='ltr'><strong>fere</strong></span> <span class='ocrx_word' id='word_1_527' title='bbox 578 2571 737 2605; x_wconf 88' lang='lat' dir='ltr'><strong>editores</strong></span> <span class='ocrx_word' id='word_1_528' title='bbox 766 2571 936 2615; x_wconf 90' lang='lat' dir='ltr'><strong>probant,</strong></span> <span class='ocrx_word' id='word_1_529' title='bbox 967 2571 1055 2616; x_wconf 90' lang='lat' dir='ltr'><strong>quia</strong></span> <span class='ocrx_word' id='word_1_530' title='bbox 1082 2570 1193 2605; x_wconf 86' lang='lat' dir='ltr'><strong>ceteri</strong></span> <span class='ocrx_word' id='word_1_531' title='bbox 1222 2569 1387 2614; x_wconf 90' lang='lat' dir='ltr'><strong>proxime</strong></span> <span class='ocrx_word' id='word_1_532' title='bbox 1415 2569 1510 2603; x_wconf 89' lang='lat' dir='ltr'><strong>inter</strong></span> <span class='ocrx_word' id='word_1_533' title='bbox 1538 2580 1578 2604; x_wconf 90' lang='lat' dir='ltr'><strong>se</strong></span> <span class='ocrx_word' id='word_1_534' title='bbox 1611 2570 1744 2605; x_wconf 82' lang='lat' dir='ltr'><strong>affines</strong></span> 
     </span>
     <span class='ocr_line' id='line_1_46' title="bbox 181 2622 1744 2671; baseline -0.001 -11"><span class='ocrx_word' id='word_1_535' title='bbox 181 2627 279 2661; x_wconf 85' lang='lat' dir='ltr'><strong>sunt.</strong></span> <span class='ocrx_word' id='word_1_536' title='bbox 328 2624 400 2660; x_wconf 88' lang='lat' dir='ltr'><strong>Sed</strong></span> <span class='ocrx_word' id='word_1_537' title='bbox 429 2636 503 2660; x_wconf 90' lang='lat' dir='ltr'><strong>rem</strong></span> <span class='ocrx_word' id='word_1_538' title='bbox 533 2625 724 2660; x_wconf 88' lang='lat' dir='ltr'><strong>decernere</strong></span> <span class='ocrx_word' id='word_1_539' title='bbox 754 2635 874 2660; x_wconf 89' lang='lat' dir='ltr'><strong>meum</strong></span> <span class='ocrx_word' id='word_1_540' title='bbox 902 2635 977 2660; x_wconf 90' lang='lat' dir='ltr'><strong>non</strong></span> <span class='ocrx_word' id='word_1_541' title='bbox 1006 2636 1089 2660; x_wconf 86' lang='lat' dir='ltr'><strong>esse</strong></span> <span class='ocrx_word' id='word_1_542' title='bbox 1118 2623 1233 2671; x_wconf 90' lang='lat' dir='ltr'><strong>puto).</strong></span> <span class='ocrx_word' id='word_1_543' title='bbox 1263 2644 1315 2649; x_wconf 96' lang='lat'><strong>—</strong></span> <span class='ocrx_word' id='word_1_544' title='bbox 1344 2622 1384 2658; x_wconf 90' lang='lat' dir='ltr'><strong>Si</strong></span> <span class='ocrx_word' id='word_1_545' title='bbox 1412 2622 1535 2668; x_wconf 89' lang='lat' dir='ltr'><strong>plures</strong></span> <span class='ocrx_word' id='word_1_546' title='bbox 1563 2634 1744 2669; x_wconf 88' lang='lat' dir='ltr'><strong>personae</strong></span> 
     </span>
     <span class='ocr_line' id='line_1_47' title="bbox 181 2676 1744 2724; baseline -0.001 -9"><span class='ocrx_word' id='word_1_547' title='bbox 181 2679 338 2715; x_wconf 87' lang='lat' dir='ltr'><strong>subiecti</strong></span> <span class='ocrx_word' id='word_1_548' title='bbox 368 2678 489 2713; x_wconf 91' lang='lat' dir='ltr'><strong>locum</strong></span> <span class='ocrx_word' id='word_1_549' title='bbox 517 2676 654 2720; x_wconf 88' lang='lat' dir='ltr'><strong>tenent,</strong></span> <span class='ocrx_word' id='word_1_550' title='bbox 695 2678 864 2714; x_wconf 90' lang='lat' dir='ltr'><strong>similiter</strong></span> <span class='ocrx_word' id='word_1_551' title='bbox 902 2678 948 2713; x_wconf 90' lang='lat' dir='ltr'><strong>ad</strong></span> <span class='ocrx_word' id='word_1_552' title='bbox 978 2679 1183 2723; x_wconf 87' lang='lat' dir='ltr'><strong>proximum</strong></span> <span class='ocrx_word' id='word_1_553' title='bbox 1213 2677 1420 2714; x_wconf 90' lang='lat' dir='ltr'><strong>subiectum</strong></span> <span class='ocrx_word' id='word_1_554' title='bbox 1457 2676 1611 2713; x_wconf 75' lang='lat' dir='ltr'><strong>refertur</strong></span> <span class='ocrx_word' id='word_1_555' title='bbox 1637 2688 1744 2724; x_wconf 91' lang='lat' dir='ltr'><strong>prae-</strong></span> 
     </span>
     <span class='ocr_line' id='line_1_48' title="bbox 181 2730 1744 2778; baseline -0.001 -10"><span class='ocrx_word' id='word_1_556' title='bbox 181 2734 293 2769; x_wconf 85' lang='lat' dir='ltr'><strong>dicati</strong></span> <span class='ocrx_word' id='word_1_557' title='bbox 324 2743 513 2767; x_wconf 88' lang='lat' dir='ltr'><strong>numerus:</strong></span> <span class='ocrx_word' id='word_1_558' title='bbox 555 2733 568 2767; x_wconf 97' lang='lat' dir='ltr'>I</span> <span class='ocrx_word' id='word_1_559' title='bbox 590 2733 625 2774; x_wconf 89' lang='lat'><strong>8,</strong></span> <span class='ocrx_word' id='word_1_560' title='bbox 645 2733 711 2768; x_wconf 90' lang='lat'><strong>31:</strong></span> <span class='ocrx_word' id='word_1_561' title='bbox 746 2743 814 2778; x_wconf 89' lang='lat' dir='ltr'><strong>ego</strong></span> <span class='ocrx_word' id='word_1_562' title='bbox 835 2760 842 2767; x_wconf 91' lang='lat'><strong>.</strong></span> <span class='ocrx_word' id='word_1_563' title='bbox 865 2760 872 2768; x_wconf 93' lang='lat'><strong>.</strong></span> <span class='ocrx_word' id='word_1_564' title='bbox 895 2761 901 2767; x_wconf 93' lang='lat'><strong>.</strong></span> <span class='ocrx_word' id='word_1_565' title='bbox 923 2734 960 2767; x_wconf 87' lang='lat' dir='ltr'><strong>et</strong></span> <span class='ocrx_word' id='word_1_566' title='bbox 979 2759 986 2767; x_wconf 92' lang='lat'><strong>.</strong></span> <span class='ocrx_word' id='word_1_567' title='bbox 1008 2759 1015 2767; x_wconf 98' lang='lat'><strong>.</strong></span> <span class='ocrx_word' id='word_1_568' title='bbox 1037 2759 1044 2767; x_wconf 92' lang='lat'><strong>.</strong></span> <span class='ocrx_word' id='word_1_569' title='bbox 1064 2732 1184 2767; x_wconf 84' lang='lat' dir='ltr'><strong>Roma</strong></span> <span class='ocrx_word' id='word_1_570' title='bbox 1211 2731 1353 2767; x_wconf 89' lang='lat' dir='ltr'><strong>dicitur.</strong></span> <span class='ocrx_word' id='word_1_571' title='bbox 1391 2751 1444 2756; x_wconf 92' lang='lat'><em>-</em></span> <span class='ocrx_word' id='word_1_572' title='bbox 1482 2730 1607 2777; x_wconf 85' lang='lat' dir='ltr'><strong>Neque</strong></span> <span class='ocrx_word' id='word_1_573' title='bbox 1636 2732 1744 2767; x_wconf 92' lang='lat' dir='ltr'><strong>aliter</strong></span> 
     </span>
    </p>
   </div>
  </div>
 </body>
</html>
