1896 3179
771 139 1040 179 —23—

120 259 215 287 casu
244 248 394 295 obliquo
425 247 617 297 (nonnulla
636 251 805 298 exempla
822 251 960 297 profert
989 251 1216 287 Schmalz
1245 262 1278 297 p.
1300 249 1391 292 228,
1409 247 1487 296 43),
1517 251 1560 284 ut
1587 248 1688 294 apud

119 303 371 350 Propertium:
406 304 505 347 118,
524 305 596 340 31:
634 307 810 341 resonent
846 306 934 341 mihi
971 306 1176 352 „Cynthia“
1210 305 1339 340 silvae.
1397 304 1560 347 Quocum
1588 314 1689 338 com-

120 369 251 405 parare
279 368 336 393 me
365 369 479 404 posse
508 361 598 405 puto
627 360 697 396 hos
726 360 849 396 locos:
878 360 966 402 118,
988 360 1055 396 12:
1093 360 1159 396 illa
1185 362 1310 395 tamen
1338 368 1541 404 numquam
1569 357 1689 394 ferrea

120 413 215 448 dixit
245 410 397 460 „amo“:
426 412 459 448 Π
480 413 633 455 22,14:
674 415 773 460 quod
802 415 962 460 quaeris,
996 418 1156 463 „quare“
1190 425 1265 450 non
1293 414 1407 449 habet
1434 412 1535 448 ullus
1563 423 1687 454 amor:

119 467 150 502 11
172 467 235 508 25,
254 466 298 504 2:
328 467 488 502 excludit
519 468 694 513 quoniam
723 479 804 503 sors
832 479 916 504 mea
947 480 1083 517 „saepe
1111 466 1233 504 veni“.

695 594 734 634 1.
762 594 827 635 De
855 596 1114 636 accusativo.

255 672 444 707 Nonnulla
472 683 610 714 eorum,
641 684 737 718 quae
765 673 836 707 hac
862 675 968 718 parte
988 675 1306 709 commentationis
1336 677 1373 709 et
1400 676 1579 720 proxima,
1608 685 1685 720 qua

119 737 228 772 agam
258 726 302 761 de
331 737 486 761 casuum
522 736 607 766 usu,
648 726 815 768 afferam,
854 727 929 762 iam
965 727 1090 762 inveni
1126 727 1164 762 in
1192 726 1370 775 Hoerleil)
1409 728 1682 769 dissertatione,

120 781 183 826 qui
224 781 350 815 tamen
378 780 547 826 Properti
576 780 775 815 dictionem
814 791 896 815 cum
931 781 1087 816 aliorum
1121 781 1195 815 nisi
1231 781 1412 816 interdum
1451 792 1533 817 curn
1571 782 1684 817 unius

119 834 252 870 Tibulli
280 845 354 869 usu
382 845 457 870 non
487 835 694 881 comparat:
722 834 819 870 idem
848 845 976 870 omnes
1003 846 1062 870 res
1091 837 1239 870 enarrat
1266 846 1377 881 saepe
1402 836 1683 872 usitatissimas.

118 890 239 934 Atque
268 889 424 934 primum
453 889 599 935 quidem
630 900 822 925 enumero:

227 943 270 977 A.
300 954 345 977 ea
372 943 542 984 verba,
580 954 676 988 quae
705 953 787 978 cum
815 943 889 978 fere
917 943 1119 978 transitiva
1147 943 1326 985 dicantur,
1357 943 1569 989 Propertius
1598 945 1683 979 ab·

119 997 288 1033 solute
317 997 512 1033 scribit:

253 1051 291 1097 a)
321 1051 482 1086 sermoni
509 1051 684 1086 familiari
712 1051 874 1086 10110000
901 1051 1097 1086 tribuenda
1136 1053 1224 1086 sunt
1250 1052 1344 1086 haec
1371 1052 1485 1087 verba
1513 1052 1682 1087 absolute

117 1107 320 1150 usurpata:
350 1115 475 1140 amo:
505 1105 539 1151 (i.
560 1116 590 1140 0.
617 1116 740 1140 amore
767 1105 927 1152 teneor):
956 1105 972 1139 Ι
996 1105 1055 1146 13,
1075 1105 1146 1140 32;
1176 1105 1241 1140 illa
1269 1107 1380 1149 cogat
1407 1116 1531 1140 amare
1548 1106 1682 1140 Iovem.

117 1158 217 1200 112,
236 1158 344 1199 8:11
365 1159 428 1200 23,
446 1158 517 1200 24:
548 1159 611 1200 24,
630 1159 700 1201 24:
732 1159 794 1199 30,
813 1159 976 1201 34:32,
996 1159 1066 1201 35;
1098 1159 1160 1200 34,
1178 1159 1250 1200 24;
1284 1159 1332 1193 IV
1352 1159 1387 1200 5,
1407 1159 1478 1201 77:
1516 1160 1560 1194 cf.
1590 1159 1681 1194 Ter.

72 1219 74 1222 ’
116 1213 227 1248 Andr.
252 1213 348 1255 185:
389 1213 478 1247 Cic.
508 1214 595 1248 fam.
626 1213 810 1254 9,14,5:
848 1213 951 1248 Ηο1.
982 1215 1052 1248 sat.
1073 1213 1107 1254 2,
1133 1213 1167 1254 3,
1190 1214 1289 1255 25ος
1327 1233 1380 1238 -
1409 1214 1681 1248 committo:

116 1267 149 1302 II
173 1267 233 1308 18,
254 1267 325 1309 37:
355 1267 432 1302 noli
460 1268 706 1309 committere:
737 1267 781 1303 cf.
812 1267 899 1302 Cic.
928 1268 1004 1302 Att.
1032 1267 1103 1308 16,
1125 1268 1165 1309 1:
1194 1268 1281 1302 fam.
1306 1267 1365 1308 11,
1384 1267 1451 1309 20:
1471 1288 1525 1293 —
1543 1268 1679 1304 facio:

117 1320 165 1356 III
189 1320 249 1362 12,
266 1321 312 1359 4:
341 1332 386 1356 ne
414 1321 576 1363 faceres,
613 1321 722 1356 Galla
749 1321 867 1356 multa
894 1322 1048 1366 rogante
1075 1323 1153 1359 tua.
1210 1320 1267 1367 (cf.
1295 1321 1454 1369 Rothst.)
1511 1322 1555 1356 01.
1585 1321 1680 1356 Ter.

118 1375 243 1411 heaut.
267 1375 390 1412 1047:
419 1376 468 1410 mi
497 1376 563 1418 vir,
594 1378 632 1411 te
662 1377 825 1417 obsecro,
857 1386 903 1410 ne
931 1375 1062 1411 facias.
1091 1396 1143 1401 —
1173 1376 1337 1422 pulso:
1365 1376 1396 1411 11
1421 1376 1480 1417 14,
1499 1376 1566 1411 21:
1595 1376 1679 1422 pul-

118 1431 256 1465 sabant
275 1430 340 1465 alii
359 1430 498 1465 frustra
519 1430 585 1475 (010
605 1430 772 1476 klopsten
792 1429 863 1477 an).
901 1430 952 1464 IV
971 1430 1006 1472 5,
1025 1430 1087 1465 47.
1126 1430 1171 1465 01.
1190 1431 1388 1475 Augustin.
1409 1441 1514 1465 serm.
1535 1430 1597 1472 36,
1619 1430 1679 1468 11:

117 1484 165 1518 ad
186 1484 355 1527 divitem:
376 1495 491 1519 sensu
508 1484 653 1519 transit.
675 1484 825 1530 saepius
844 1484 1031 1519 invenitur
1049 1495 1108 1530 ap.
1123 1484 1259 1526 Plaut.;
1280 1484 1325 1519 01.
1344 1483 1430 1519 Hor.
1450 1486 1520 1519 sat.
1541 1484 1555 1519 1
1571 1484 1603 1526 1,
1620 1485 1679 1519 10.

256 1537 295 1587 β)
316 1539 415 1584 apud
435 1540 577 1584 priscos
598 1541 635 1573 et
653 1539 877 1584 posteriores
897 1539 1147 1574 inveniuntur:
1178 1539 1283 1573 duro
1312 1539 1327 1573 I
1350 1538 1410 1580 16,
1430 1539 1496 1574 11:
1525 1549 1680 1584 possum

119 1593 251 1628 durare
293 1592 452 1638 querelis
492 1593 577 1639 (dat.
607 1592 692 1640 rel.).
749 1593 793 1628 cf.
821 1592 980 1627 Plaut.
1008 1592 1139 1638 Amph.
1168 1592 1266 1634 882:
1304 1592 1398 1628 Men.
1420 1593 1517 1629 781:
1555 1593 1680 1628 vivere

117 1658 192 1683 non
222 1658 377 1693 possum
406 1658 525 1693 neque
555 1647 704 1689 durare:
744 1649 933 1692 praeterea
960 1658 1019 1692 ap.
1048 1647 1165 1692 Verg„
1204 1646 1293 1688 Liv.‚
1325 1647 1458 1690 Quint.,
1498 1647 1597 1682 Suet.
1626 1668 1678 1672 —

115 1701 284 1737 miror:
329 1701 428 1743 120,
447 1702 518 1737 46:
556 1701 700 1747 puellae
736 1701 890 1736 miratae
925 1701 1123 1737 destituere
1152 1700 1239 1747 (acc.
1269 1701 1392 1747 praed.
1422 1701 1538 1737 eidem
1566 1702 1680 1737 verbo

117 1756 269 1791 additur
305 1756 377 1798 17,
395 1756 442 1791 21
475 1768 509 1792 v.
539 1756 635 1791 infra
662 1768 696 1802 p.
717 1756 791 1803 29).
857 1756 901 1790 01.
931 1756 1026 1791 Ter.
1055 1755 1187 1791 Heaut.
1210 1756 1306 1798 374:
1346 1756 1492 1791 duobus
1526 1757 1549 1791 1.
1578 1757 1679 1802 apud

116 1810 186 1845 Cic.
216 1811 254 1845 in
281 1810 384 1846 libris
412 1810 544 1856 philos.
572 1809 628 1856 (01.
656 1809 842 1856 Merguet),
871 1820 929 1855 ap.
949 1809 1046 1851 Hor.,
1077 1810 1232 1845 Livium.
1259 1829 1315 1835 —
1342 1810 1518 1845 Fortasse
1543 1810 1679 1845 addere

114 1864 202 1901 licet
221 1865 333 1900 etiam
352 1866 505 1901 verbum
524 1864 708 1901 intransit.
729 1864 899 1900 absolute
919 1866 1141 1910 usurpatum
1170 1864 1368 1900 haereo:
1396 1863 1504 1911 Prop.
1525 1864 1541 1900 I
1557 1864 1593 1907 3,
1611 1864 1678 1900 19:

115 1920 330 1961 haerebam:
366 1920 453 1960 113,
472 1920 516 1955 2:
554 1920 728 1961 haesisti:
764 1920 927 1954 fortasse
962 1919 1121 1953 sermoni
1157 1919 1302 1963 vulgari
1329 1920 1590 1954 attribuendus
1620 1922 1680 1954 est

114 1973 174 2009 hic
201 1984 315 2016 usus:
343 1993 399 1999 —
426 1973 546 2009 Plaut.
574 1973 704 2020 Amph.
729 1972 823 2015 184:
851 1972 984 2008 Pseud.
1004 1972 1102 2015 423:
1131 1972 1268 2008 Lucan.
1285 1972 1320 2015 7,
1339 1972 1429 2009 547.

251 2028 285 2077 y)
315 2029 415 2075 apud
457 2029 678 2075 posteriores
721 2029 888 2063 exstant:
929 2048 984 2053 --
1026 2028 1204 2063 defleo:
1243 2028 1350 2073 Prop.
1379 2029 1566 2067 116,13:
1608 2029 1680 2063 has

114 2083 209 2117 inter
249 2083 427 2128 gravibus
471 2093 583 2128 cogor
624 2083 757 2118 deflere
799 2082 965 2127 querelis.
1023 2081 1067 2116 01.
1096 2081 1220 2117 Μο1111.
1249 2082 1299 2116 IV
1320 2082 1418 2124 748:
1456 2083 1565 2128 Apul.
1594 2085 1679 2118 met.

115 2137 151 2178 4,
169 2136 236 2172 35:
258 2136 428 2183 Psychen
448 2138 644 2183 paventem
664 2147 708 2172 ac
725 2136 907 2182 trepidam
927 2137 964 2170 et
982 2136 1020 2170 in
1040 2136 1123 2181 ipso
1145 2136 1292 2182 scopuli
1310 2137 1448 2172 vertice
1467 2137 1679 2179 deflentem:

114 2191 248 2226 Justin.
282 2191 342 2232 18,
369 2191 428 2233 14,
454 2191 523 2233 13:
561 2191 606 2226 01.
636 2190 925 2231 Schneider,
969 2190 1013 2225 de
1046 2190 1238 2235 Propertio
1278 2192 1460 2226 sermonis
1497 2193 1679 2227 novatore

114 2246 151 2279 et
179 2245 458 2291 amplificatore,
499 2246 648 2291 Argent.
672 2245 774 2280 1888
802 2255 836 2289 p.
858 2243 919 2278 68.
957 2264 1011 2268 —
1048 2246 1188 2280 noto:
1226 2244 1332 2286 1117,
1351 2245 1422 2280 22:
1461 2256 1537 2291 qua
1572 2247 1681 2280 notat

114 2299 277 2345 Argynni
319 2309 451 2345 poena.
522 2298 581 2345 (01.
624 2299 667 2334 Κ.
696 2298 735 2333 Ρ.
778 2297 1005 2335 Schulze:
1048 2297 1221 2343 Beitrage
1265 2309 1331 2334 zur
1371 2299 1575 2344 Erklarung
1616 2299 1680 2334 der

114 2353 319 2389 romischen
354 2353 530 2400 Elegiker,
569 2353 693 2399 Progr.
731 2351 853 2388 Berlin
884 2351 998 2394 1898,
1038 2363 1073 2399 p.
1094 2352 1168 2401 22).
1197 2373 1253 2379 -
1279 2353 1447 2400 Denique
1483 2353 1542 2390 his
1580 2353 1677 2389 addo

114 2409 265 2443 verbum
294 2408 376 2443 intr.
407 2409 524 2444 absol.
545 2409 785 2454 usurpatum:
814 2407 1098 2452 persuadeo
1129 2406 1252 2454 (quod.
1281 2408 1303 2443 1.
1333 2408 1382 2443 IV
1406 2409 1438 2449 1,
1459 2408 1533 2443 146
1562 2411 1676 2443 trans.

114 2471 256 2509 usurp.:
290 2473 325 2499 v.
354 2462 452 2498 infra
485 2473 521 2509 p.
542 2461 626 2511 24):
665 2461 799 2508 Prop.
831 2460 903 2503 12,
925 2460 989 2497 13:
1028 2461 1140 2498 litora
1181 2462 1415 2509 persuadent.
1481 2463 1525 2498 01.
1554 2462 1675 2506 Quint.

251 2570 286 2619 ὃ)
315 2572 484 2618 Properti
526 2572 697 2619 proprius
741 2582 823 2606 esse
864 2570 1012 2606 videtur
1043 2572 1148 2607 verbi
1189 2570 1403 2621 „relevo“
1440 2572 1528 2607 talis
1561 2582 1675 2607 usus:

114 2624 128 2658 I
154 2625 214 2668 14,
232 2626 303 2662 22:
333 2626 422 2673 quid
451 2626 618 2663 relevant
647 2626 764 2662 serica
792 2652 800 2661 .
821 2652 828 2661 .
849 2625 879 2661 .‘?
923 2625 968 2661 cf.
998 2625 1273 2663 Schneider
1301 2638 1335 2673 p.
1356 2626 1418 2663 69.

247 2754 270 2795 ¹)
294 2753 492 2787 Hoerle:
516 2754 559 2787 de
581 2763 721 2787 casuum
743 2762 809 2786 usu
832 2751 1069 2795 Propertiano.
1115 2752 1195 2787 diss.
1217 2752 1316 2787 Halle
1340 2753 1432 2786 1887.
