1896 3179
316 774 513 856 Properti
551 811 715 846 carmina
743 811 913 856 quisquis
943 811 1143 855 perlegerit,
1179 811 1370 845 mirabitur
1409 822 1588 845 summam
1626 811 1740 845 huius

184 866 335 909 proetae
363 864 402 898 in
430 864 600 906 dictione,
637 865 673 898 in
709 865 950 909 grammatica
983 864 1179 898 audaciam
1214 865 1250 898 et
1277 864 1473 908 intelleget,
1505 875 1615 909 quam
1643 874 1738 910 opus

182 919 233 954 sit
261 918 460 954 elocutioni
489 919 569 954 eius
589 919 836 965 explorandae
856 929 1004 964 operam
1030 919 1116 953 dare
1136 918 1358 964 (Lachmann
1378 919 1426 954 ad
1444 918 1545 953 Lucr.
1565 919 1598 953 V
1621 919 1738 954 1006:

183 1001 190 1008 .
213 1000 220 1008 .
242 1000 250 1008 .
271 973 500 1018 Propertium
530 1000 537 1008 .
559 1000 566 1008 .
588 1000 595 1007 .
625 975 842 1008 novatorem
869 973 988 1007 fuisse
1008 999 1015 1007 .
1037 999 1044 1007 .
1067 984 1089 1013 .;
1120 975 1215 1007 certe
1243 983 1350 1006 nemo
1371 975 1457 1007 ante
1476 973 1573 1007 hunc
1592 973 1739 1017 longius

181 1028 228 1063 ab
258 1027 413 1074 antiqua
447 1027 620 1063 castitate
655 1027 835 1063 sermonis
872 1026 1046 1074 recessit).
1104 1027 1208 1070 Quod
1238 1026 1409 1073 quamvis
1438 1026 1505 1062 viri
1541 1026 1637 1062 docti
1666 1027 1740 1062 iam

181 1082 344 1123 fecerint,
381 1085 506 1117 tamen
535 1082 741 1127 complures
776 1082 864 1116 mihi
902 1082 1140 1126 quaestiones
1170 1082 1402 1122 exstiterunt,
1443 1082 1488 1115 de
1525 1082 1660 1126 quibus
1689 1081 1739 1115 illi

184 1138 249 1171 aut
285 1136 433 1171 omnino
472 1146 546 1171 non
584 1138 651 1171 aut
688 1146 817 1182 pamm
856 1136 995 1171 dixisse
1029 1135 1117 1170 mihi
1155 1135 1372 1170 viderentur.
1429 1135 1560 1181 Itaque
1597 1135 1634 1169 in
1672 1135 1742 1170 hoc

182 1191 362 1236 opusculo
384 1191 611 1225 conficiendo
632 1191 786 1235 primum
807 1191 842 1224 id
864 1190 951 1224 mihi
972 1191 1159 1237 proposui,
1183 1193 1225 1224 ut
1244 1190 1378 1231 omnia,
1402 1200 1497 1235 quae
1517 1190 1562 1224 de
1582 1190 1743 1224 dictione

182 1244 420 1289 Propertiana
449 1245 522 1279 iam
551 1245 690 1289 scripta
718 1246 817 1284 sunt,
848 1244 1006 1279 breviter
1026 1254 1264 1289 congererem,
1297 1243 1446 1284 sedita,
1477 1246 1519 1278 ut
1538 1243 1613 1284 illa,
1644 1253 1743 1288 quae

182 1310 206 1333 a
235 1298 417 1334 Ciceronis
452 1299 489 1333 in
519 1299 760 1339 orationibus,
798 1298 944 1343 scriptis
978 1298 1243 1343 philosophicis
1278 1300 1314 1332 et
1347 1298 1537 1333 rhetoricis
1566 1308 1637 1332 usu
1668 1308 1740 1332 non

180 1353 417 1386 abhorrerent
453 1372 506 1376 -—
543 1353 614 1386 nisi
657 1353 783 1386 eadem
825 1352 934 1386 nimis
976 1352 1149 1386 recedunt
1185 1363 1208 1386 a
1254 1352 1413 1386 dictione
1456 1354 1649 1396 poetarum
1686 1371 1740 1376 —

180 1405 346 1441 omittere
384 1417 494 1451 posse
524 1406 611 1441 mihi
641 1406 791 1447 viderer,
833 1407 870 1441 et
898 1417 952 1447 ea,
993 1416 1089 1451 quae
1128 1406 1227 1450 apud
1256 1416 1383 1440 omnes
1417 1405 1492 1440 fere
1520 1407 1652 1450 poetas
1682 1406 1738 1440 in-

183 1460 403 1499 venirentur,
435 1460 765 1494 breviter'tantum
795 1470 1122 1494 commemorarem.
1170 1459 1341 1493 Pluribus
1371 1462 1495 1493 autem
1522 1460 1645 1493 verbis
1675 1470 1739 1492 ex-

181 1523 325 1559 sequar,
357 1515 583 1558 quantopere
612 1515 649 1548 et
678 1513 812 1558 quibus
842 1513 879 1547 in
899 1513 1009 1548 rebus
1029 1515 1097 1548 aut
1115 1523 1186 1548 sua
1205 1513 1256 1548 ire
1276 1512 1350 1553 via,
1381 1523 1457 1558 qua
1475 1523 1559 1548 eum
1577 1512 1738 1548 fortasse

180 1567 359 1603 interdum
399 1568 517 1602 secuti
557 1570 645 1603 sunt
682 1568 915 1613 posteriores,
939 1569 1024 1603 ‘aut
1051 1567 1239 1613 vulgarem
1277 1570 1314 1602 et
1351 1568 1508 1613 priscam
1542 1567 1737 1602 dictionem

181 1622 286 1666 sequi
315 1622 403 1656 mihi
431 1622 602 1656 videatur
630 1620 884 1667 Propertius.¹)
930 1622 1053 1666 Atque
1072 1622 1107 1655 id
1129 1622 1275 1666 quidem
1295 1632 1366 1656 non
1389 1622 1467 1656 sine
1486 1622 1589 1656 iusta
1607 1631 1737 1661 causa;

179 1685 265 1710 nam
285 1675 450 1721 vulgaris
466 1676 645 1711 sermonis
665 1676 825 1721 vestigia
838 1675 981 1711 invenit
999 1675 1097 1722 apud
1114 1675 1343 1721 Propertium
1362 1675 1437 1711 iam
1456 1675 1588 1722 Heym
1596 1686 1737 1711 annus

181 1730 233 1774 (In
249 1730 476 1775 Propertium
497 1731 736 1775 quaestiones
752 1731 1012 1775 grammaticae
1032 1732 1070 1765 et
1084 1731 1400 1776 orthographicae,
1417 1731 1507 1767 diss.
1522 1730 1602 1766 Hal.
1623 1730 1736 1770 1883,

180 1795 213 1828 p.
235 1784 297 1825 2¹7,
321 1784 383 1823 28,
409 1784 593 1830 35-38),
631 1785 695 1829 qui
729 1785 773 1818 de
802 1785 985 1819 eiusmodi
1020 1785 1129 1819 rebus
1163 1785 1202 1818 in
1237 1785 1429 1819 verborum
1462 1785 1620 1819 flexione
1648 1795 1736 1819 con-

180 1837 320 1883 spicuis
350 1838 453 1875 dixit.
510 1838 649 1873 Deinde
677 1837 974 1884 Wolfflini2)
1005 1839 1126 1874 verbis
1156 1839 1339 1874 adductus
1369 1849 1462 1880 sum,
1493 1841 1535 1874 ut
1562 1839 1640 1874 iure
1668 1839 1738 1874 hoc

179 1893 300 1927 facere
330 1893 417 1927 mihi
446 1893 601 1935 viderer;
632 1904 718 1928 nam
746 1895 789 1928 ut
817 1893 916 1938 apud
946 1893 1140 1933 Catullum,
1172 1894 1226 1928 ita
1254 1893 1380 1928 eodem
1409 1895 1504 1928 certe
1532 1893 1610 1928 iure
1638 1894 1737 1938 apud

179 1947 410 1991 Propertium
440 1949 588 1992 propter
616 1948 736 1992 ipsum
767 1948 847 1982 eius
877 1948 1002 1992 poesis
1030 1958 1148 1992 genus
1177 1947 1341 1992 vulgaris
1371 1947 1549 1982 sermonis
1577 1947 1738 1991 vestigia

180 2011 263 2035 esse
303 2001 485 2046 suspicari
523 2001 617 2036 licet.
675 2001 832 2046 Saepius
861 2003 983 2036 autem
1022 2004 1170 2046 propter
1197 2003 1348 2035 metrum
1388 2002 1569 2046 coguntur
1605 2003 1738 2046 poetae

179 2065 291 2091 voces
321 2058 358 2090 et
387 2057 592 2091 structuras
623 2058 746 2102 petere
776 2067 795 2091 e
821 2067 987 2092 sermone
1007 2056 1149 2101 vulgari
1170 2058 1207 2091 et
1226 2056 1358 2101 prisco,
1390 2056 1489 2102 quod
1509 2058 1739 2102 quantopere

180 2111 320 2144 factum
350 2110 400 2145 sit
427 2110 656 2145 Bednara
685 2111 749 2155 (De
779 2121 944 2146 sermone
973 2110 1236 2156 dactylicorum
1254 2110 1466 2145 Latinorum
1487 2110 1737 2156 quaestiones.

180 2163 348 2199 Catullus
387 2166 425 2199 et
453 2164 606 2200 Ovidius
646 2165 781 2210 quibus
820 2165 1025 2200 rationibus
1059 2164 1220 2209 linguam
1251 2166 1366 2199 metro
1405 2164 1589 2210 dactylico
1628 2175 1738 2200 acco-

179 2217 418 2253 modaverint.
466 2218 701 2265 Lips.1906;
731 2219 776 2255 cf.
797 2231 830 2265 p.
855 2219 941 2261 102,
964 2219 1000 2260 l;
1034 2218 1120 2265 108)
1150 2218 1288 2263 egregie
1317 2219 1600 2261 demonstravit;
1630 2219 1738 2255 cuius

179 2272 230 2306 rei
272 2273 309 2307 in
351 2273 602 2318 Propertianis
645 2285 794 2318 quoque
835 2274 1023 2308 nonnullis
1065 2273 1156 2307 locis
1198 2274 1378 2307 rationem
1422 2274 1557 2308 habere
1600 2274 1738 2308 studui.

180 2326 321 2368 Quibus
360 2326 469 2361 rebus
499 2328 544 2362 ad
576 2327 740 2372 Properti
770 2330 883 2362 artem
922 2327 1054 2361 rectius
1084 2326 1365 2361 existimandam
1395 2330 1437 2361 ut
1466 2327 1737 2372 aliquantulum

310 2476 330 2516 ¹)
364 2476 459 2515 Quod
483 2478 522 2508 ut
551 2475 689 2508 facilius
712 2475 941 2518 perspiciatur,
973 2476 1004 2506 in
1028 2474 1140 2507 indice
1164 2475 1293 2507 notabo
1316 2475 1441 2508 litteris
1464 2476 1607 2509 cursivis
1631 2486 1686 2519 qu.
1704 2477 1736 2510 d.

180 2517 247 2557 illa,
278 2528 368 2563 quae
398 2518 547 2562 vulgaris
563 2519 739 2570 ‘sermonis
769 2528 850 2570 esse·
873 2518 1033 2552 videntur
1061 2521 1123 2551 aut
1145 2528 1165 2551 e
1187 2518 1320 2561 vulgari
1351 2529 1507 2553 sermone
1536 2520 1569 2553 in
1594 2520 1737 2553 aliorum

178 2563 1087 2655 Ἶυοῳθῖ)ΡθδξιῖἳῗΙῗιιῖῗιοὲξιιιῐιιθξὲῗιῐιιιῗὲἷιυὲἷιετ.(183.
1107 2605 1353 2655 Yulgarlatein.
1384 2607 1506 2640 Philol.
1530 2607 1569 2640 B.
1585 2606 1738 2646 34‚1876

179 2658 211 2691 p.
230 2648 307 2683 137:
325 2675 332 2682 .
351 2675 358 2683 .
376 2674 384 2682 .
400 2649 564 2682 vielmehr
578 2648 696 2683 finden
712 2651 773 2683 wir
789 2650 824 2683 in
841 2649 901 2683 der
911 2648 1034 2682 Poes1e
1046 2658 1109 2681 wie
1125 2659 1160 2682 ιιι
1177 2649 1236 2682 der
1247 2649 1355 2684 Prosa
1370 2650 1514 2692 gewisse
1527 2651 1737 2693 Gattungen‚

180 2692 310 2726 welche
333 2692 581 2735 gessissentlieh
616 2693 703 2726 viele
734 2693 997 2726 volkstsimliche
1019 2692 1199 2726 Elemente
1229 2693 1493 2735 ausgenommen
1517 2694 1637 2727 haben.
1663 2720 1670 2727 .
1695 2720 1702 2727 .
1729 2720 1736 2726 .

181 2735 242 2768 Die
265 2736 443 2774 Komodie,
462 2763 469 2770 .
487 2762 495 2770 .
513 2763 520 2771 .
538 2736 592 2770 die
616 2737 738 2775 Satire,
768 2736 901 2770 endlich
927 2736 980 2768 die
1003 2735 1099 2769 stark
1131 2737 1344 2770 realistische
1367 2737 1485 2769 Erotik
1508 2738 1601 2770 eines
1623 2737 1736 2770 Catuli

179 2779 248 2811 und
272 2779 417 2813 Martial.
450 2807 457 2814 .
476 2805 483 2813 .
502 2805 508 2812 .
526 2780 600 2813 hier
622 2781 693 2814 und
716 2782 762 2813 da
777 2780 860 2814 wird
883 2778 972 2812 auch
989 2779 1044 2812 die
1059 2779 1338 2823 Nachlaissigkeit
1353 2780 1493 2823 vulgare
1509 2780 1734 2822 Wendungen

176 2822 289 2855 haben
321 2823 611 2866 ‹lurchschlsipfen
646 2824 759 2857 lassen
784 2849 793 2857 .
810 2850 817 2858 .
835 2848 842 2856 .
867 2822 1014 2861 endlich‚
1039 2848 1046 2855 .
1065 2849 1072 2856 .
1089 2848 1097 2856 .
1121 2833 1176 2856 wo
1205 2828 1313 2858 etwas
1343 2825 1407 2857 mit
1437 2824 1545 2857 einem
1569 2825 1735 2866 gewissen

177 2865 307 2899 Humor
331 2867 530 2909 dargestellt
554 2867 690 2901 werden
714 2867 788 2900 soll.
