1896 3179
865 251 900 286 3.
930 253 1209 297 postquam:

385 315 659 361 Postquam
687 315 975 361 particulae
1004 315 1145 350 addit
1172 314 1714 361 plusquamperfectum
1732 314 1821 353 Pro-

253 369 394 415 pertius
422 368 471 404 IV
491 369 527 410 9,
546 368 614 404 63:
644 371 686 404 at
712 370 913 415 postqum
942 369 1128 405 exhausto
1157 369 1231 404 iam
1258 368 1413 404 flumine
1440 368 1635 404 vicerat
1661 369 1819 409 aestum,

254 423 358 469 ponit
386 443 440 448 —-
469 423 552 457 iura
579 443 643 464 —,
676 423 777 469 quod
813 424 962 469 tempus
990 423 1077 459 huic
1115 422 1366 458 coniunctioni
1404 422 1554 458 additur
1590 433 1615 457 a
1652 422 1822 458 Terentio

257 476 380 522 (Andr.
410 476 509 524 177),
551 476 656 512 Caec.
677 477 811 519 Statio,
852 476 925 513 Cic.
954 488 1035 524 epp.
1065 477 1174 523 (Cael.
1202 476 1289 512 fam.
1310 477 1346 518 8,
1369 477 1405 518 8,
1424 476 1473 523 2),
1511 477 1665 522 Nepote,
1703 476 1820 516 Livio,

255 531 396 573 Tacito,
427 531 541 567 semel
570 542 594 566 a
621 531 794 577 Vergilio.
852 531 1076 567 Schmalz
1105 543 1139 577 p.
1160 531 1250 572 385,
1274 531 1365 572 300,
1383 531 1424 579 2;
1452 530 1646 576 Draeger
1673 530 1823 577 115603

255 585 444 627 Kohler,
476 585 521 620 de
550 587 648 622 auct.
668 585 701 620 b.
717 585 793 620 Afr.
813 587 851 620 et
868 585 972 632 Hisp.
992 585 1058 623 lat.
1086 596 1119 632 p.
1140 584 1220 621 420
1249 583 1359 631 (auct.
1379 586 1413 620 b.
1433 584 1508 620 Afr.
1530 584 1593 626 37,
1615 584 1651 620 1:
1687 584 1824 620 Caesar

255 641 457 686 postquam
486 641 654 681 auxerat,
694 638 820 685 iubet).
878 639 1089 675 Streifin
1101 651 1196 685 ger,
1238 639 1283 674 de
1321 642 1418 685 synt.
1439 639 1583 680 Tibull„
1614 639 1826 682 Wfirzburg

258 693 373 733 1881,
405 704 439 737 p.
460 693 522 727 26.
578 693 690 738 Lygd.
711 693 748 733 4,
770 693 833 727 41.

881 781 917 815 4.
947 781 1188 825 quamvis:

400 844 539 879 Contra
576 844 799 890 optimorum
838 844 1059 890 scriptorum
1096 854 1213 889 genus
1266 844 1410 879 dicendi
1452 843 1664 889 Propertius
1705 854 1724 878 c
1737 854 1759 878 0
1772 853 1826 878 n-

263 897 512 933 iunctioni
544 895 819 947 „quamvis“
852 899 993 934 addit
1021 899 1368 938 indicativum,
1398 898 1663 939 utLucretius,
1694 898 1822 939 Varro,

258 952 397 997 Nepos,
429 952 543 987 semel
561 952 691 987 Livius
719 952 770 997 (2,
793 952 857 993 40,
876 952 924 999 7),
955 952 1162 991 Petronius,
1194 952 1335 993 Celsus,
1367 951 1571 987 Columella
1589 951 1826 987 recentiores-

261 1016 346 1052 que,
377 1005 560 1042 interdum
589 1006 683 1052 Aug.
703 1007 775 1042 aet.
796 1008 939 1053 poetae.
997 1005 1217 1041 Schmalz
1246 1018 1280 1052 p.
1301 1006 1391 1047 388,
1415 1006 1504 1042 304.
1560 1006 1774 1051 Draeger
1792 1006 1825 1041 ΙΙ

265 1061 360 1107 740;
389 1069 592 1108 numquam
621 1061 836 1106 Propertius
874 1060 1003 1095 scribit
1035 1063 1322 1105 ,quamquam“,
1360 1071 1436 1105 qua
1471 1060 1655 1104 particula
1689 1060 1827 1094 Caesar

262 1113 457 1155 abstinuit,
486 1123 561 1149 non
591 1114 805 1149 abstinuere
833 1113 919 1149 Hor.
935 1113 1043 1159 Verg.
1072 1123 1192 1159 neque
1220 1113 1363 1150 Hirtius
1392 1114 1425 1149 b.
1445 1124 1478 1159 g.
1498 1113 1590 1149 VIII.
1619 1134 1672 1139 —
1700 1113 1825 1159 Prop.:

262 1168 278 1203 1
303 1167 450 1210 18,13:
480 1168 653 1214 quamvis
683 1168 788 1204 dolor
816 1169 934 1205 debet.
991 1168 1023 1203 ll
1045 1168 1080 1209 8,
1100 1169 1167 1206 37:
1208 1168 1379 1214 quamvis
1412 1168 1488 1203 ista
1529 1179 1628 1203 mors
1671 1170 1730 1203 est
1767 1169 1825 1203 in-

262 1223 423 1257 honesta
459 1222 602 1269 futura3
645 1222 754 1263 Π24,
773 1222 844 1257 38:
888 1222 1060 1267 quamvis
1187 1232 1286 1270 eras3
1329 1221 1379 1256 111
1402 1222 1462 1263 19,
1480 1221 1548 1256 28:
1589 1221 1710 1257 victor
1746 1224 1826 1257 erat

263 1275 436 1322 quamvis
453 1303 461 1312 .
483 1304 489 1312 .
512 1304 519 1312 .
541 1296 592 1303 —
612 1275 810 1312 Poetarum
830 1287 929 1312 more
953 1276 1171 1325 „quamvis“
1197 1276 1301 1311 addit
1318 1276 1513 1322 participio
1532 1276 1638 1322 Prop.
1655 1276 1670 1311 1
1690 1276 1749 1318 15,
1767 1277 1825 1311 13.

899 1373 934 1408 5.
964 1373 1175 1418 quando:

399 1438 597 1486 „quando“
618 1449 694 1473 sen
703 1449 754 1473 su
767 1440 785 1472 t
796 1449 816 1473 e
826 1449 863 1473 m
874 1449 897 1483 p
909 1449 932 1473 o
944 1449 962 1473 r
972 1437 1040 1473 ali
1060 1438 1183 1473 Cicero
1198 1448 1384 1483 nusquam
1398 1438 1513 1473 habet
1525 1437 1562 1472 in
1578 1438 1822 1478 orationibus,

264 1503 384 1537 neque
414 1492 563 1527 omnino
592 1492 666 1527 nisi
694 1492 733 1526 in
761 1492 910 1537 scriptis
938 1491 1139 1539 prioribus3
1168 1491 1387 1538 saepissime
1406 1493 1531 1527 autem
1550 1491 1605 1526 ita
1623 1493 1827 1537 usurpatur

267 1557 290 1581 a
317 1545 453 1581 Plauto
483 1545 614 1591 (Lind
627 1557 716 1592 say
744 1557 779 1591 p.
803 1546 896 1593 1063
924 1545 1102 1581 Holtze
1130 1546 1145 1580 I
1168 1545 1268 1592 106),
1298 1546 1352 1581 ita
1379 1547 1423 1580 ut
1441 1546 1636 1581 abhorrere
1654 1545 1826 1580 videatur

262 1600 312 1635 ab
332 1600 493 1645 eleganti
508 1599 677 1635 dictione.
708 1600 733 1634 S
744 1599 897 1635 chmal
908 1610 927 1634 z
947 1611 981 1645 p.
998 1599 1088 1640 389,
1107 1599 1202 1648 305;
1220 1610 1304 1635 raro
1323 1599 1511 1635 invenitur
1529 1611 1588 1646 ap.
1603 1599 1822 1640 Lucretium,

261 1653 472 1700 Vergilium,
503 1653 708 1690 Horatium.
736 1673 791 1680 —
809 1654 953 1700 Prop.I
978 1653 1037 1694 10,
1056 1654 1123 1702 253
1152 1653 1418 1696 1127,11.—
1438 1654 1559 1689 Sens
1572 1665 1597 1689 u
1627 1654 1825 1690 causali

261 1709 390 1744 scribit
417 1709 567 1754 quando
586 1708 800 1754 Propertius
829 1708 945 1750 1110,
963 1708 1004 1756 8;
1032 1708 1151 1743 Lind
1163 1719 1181 1743 s
1193 1719 1252 1754 ay
1279 1719 1313 1754 p.
1339 1708 1429 1749 1203
1463 1709 1824 1757 „quandocum-

258 1773 348 1808 que
362 1760 381 1779 “
413 1773 564 1798 sensu
592 1763 860 1808 temporali
889 1766 1046 1807 usurpat
1064 1762 1278 1808 Propertius
1297 1762 1329 1797 11
1353 1763 1384 1803 1,
1404 1763 1470 1810 713
1500 1762 1532 1797 II
1552 1763 1611 1804 13,
1633 1763 1697 1811 17;
1726 1763 1825 1808 quod

255 1817 443 1852 inv'enitur
471 1817 570 1862 apud
600 1817 788 1858 Catonem,
820 1816 1024 1857 Horatium,
1056 1819 1153 1852 auct.
1174 1818 1207 1851 b.
1227 1816 1329 1851 Alex.

947 1915 982 1949 6.
1012 1915 1129 1948 dum:

394 1979 647 2014 coniunctioni
679 1976 814 2027 „dum“
848 1970 1065 2025 (wahrendy
1081 1978 1210 2024 optimi
1239 1978 1437 2024 scriptores
1466 1979 1610 2014 addunt
1634 1989 1827 2026 praesens3

260 2032 475 2079 Propertius
503 2035 629 2068 autem
657 2043 733 2068 uno
761 2033 844 2069 loeo
873 2033 987 2069 habet
1014 2033 1373 2079 imperfectum:
1410 2033 1459 2067 IV
1482 2033 1542 2074 10,
1560 2033 1627 2068 33:
1666 2033 1826 2079 dumque

255 2087 354 2122 aries
383 2087 570 2132 pulsabat,
602 2087 744 2122 Cossus
773 2087 829 2122 ait
857 2113 864 2122 .
895 2115 903 2123 .
933 2101 958 2135 .;
1002 2087 1222 2133 Lindsay
1251 2087 1343 2135 1343
1376 2086 1569 2128 Kohler,
1601 2087 1646 2122 de
1674 2088 1770 2123 auct..
1792 2088 1825 2122 b.

254 2141 330 2177 Afr.
359 2143 396 2176 et
423 2140 527 2187 Hisp.
567 2152 600 2187 p.
630 2141 720 2179 421.
777 2141 897 2177 Plaut.
926 2141 1032 2176 Truc.
1066 2141 1158 2188 164;
1205 2142 1238 2176 b.
1258 2141 1334 2176 Afr.
1361 2141 1429 2188 513
1466 2141 1542 2177 Liv.
1564 2141 1599 2182 5,
1621 2142 1685 2183 47,
1712 2142 1743 2176 1.
1772 2162 1826 2167 —

258 2224 280 2242 ‚,
293 2206 316 2230 n
329 2196 466 2230 edum
479 2193 499 2212 ‘⁶
544 2196 645 2241 apud
687 2196 896 2230 Terentium
939 2194 994 2241 (ut
1035 2195 1168 2230 Heaut.
1197 2195 1301 2241 454),
1345 2195 1552 2230 Lucretium
1596 2194 1650 2240 (ut
1685 2195 1701 2230 1
1720 2195 1823 2242 653),

261 2249 470 2284 Ciceronem
500 2250 801 2285 sententiam
830 2250 1044 2295 negativam
1083 2248 1431 2295 subsequitur,
1463 2248 1825 2285 affirmativam

259 2303 362 2348 apud
389 2303 482 2349 Aug.
502 2305 574 2339 aet.
594 2306 739 2350 poetas,
770 2304 925 2346 Livium,
957 2303 1136 2338 Tacitum.
1170 2323 1219 2328 —-
1253 2304 1359 2349 Prop.
1380 2303 1395 2338 1
1416 2304 1451 2344 9,
1471 2303 1537 2338 31:
1572 2304 1646 2338 illis
1679 2305 1827 2349 possint

259 2357 386 2392 cedere
416 2368 583 2402 quercus,
615 2359 751 2393 nedum
779 2360 821 2393 tu
851 2357 975 2404 possis
1004 2384 1012 2393 .
1034 2384 1070 2392 ..

946 2458 980 2491 7.
1011 2466 1127 2490 cum:

396 2520 445 2555 IV
464 2521 501 2562 4,
524 2520 572 2555 10
607 2521 824 2567 Propertius
865 2522 903 2556 in
933 2521 1062 2556 eadem
1092 2521 1276 2556 sententia
1303 2521 1390 2556 huic
1418 2521 1670 2557 coniunctioni
1698 2523 1736 2557 et
1754 2522 1828 2556 in-

265 2575 538 2610 dicativum
577 2577 623 2609 et
660 2575 1038 2611 coniunctivum
1077 2575 1231 2612 addit:
1260 2575 1348 2620 quid
1375 2577 1455 2609 tum
1484 2575 1603 2610 Roma
1630 2575 1713 2616 fuit,
1744 2586 1826 2610 cum

260 2655 269 2664 .
290 2655 298 2663 .
319 2657 327 2665 .
357 2630 529 2674 quateret
556 2629 670 2674 atque
699 2655 706 2664 .
728 2656 736 2664 .
757 2656 765 2664 .
795 2629 952 2665 stabant
979 2627 1037 2675 (cf.
1057 2628 1204 2665 Rothst.
1224 2628 1332 2677 adn.).
1388 2628 1516 2676 Neque
1544 2629 1713 2666 omittere
1741 2629 1828 2666 licet

260 2683 353 2719 illud
386 2712 401 2727 „
418 2694 519 2719 cum
547 2685 708 2719 tamen
725 2687 754 2725 ¹⁴,
796 2685 896 2730 quod
935 2686 994 2719 est
1030 2684 1131 2729 apud
1158 2684 1305 2719 Livium
1332 2686 1370 2719 et
1404 2685 1499 2729 Aug.
1519 2686 1591 2719 aet.
1611 2686 1754 2733 poetas,
1785 2687 1828 2719 ut

262 2738 371 2783 Prop.
393 2739 406 2772 1
427 2739 459 2779 1,
479 2739 501 2773 7
547 2736 782 2783 (Schmalz
824 2749 857 2783 p.
879 2738 969 2779 395,
993 2737 1094 2784 309).
1150 2736 1391 2786 (Saepissime
1433 2738 1647 2784 Propertius
1692 2735 1824 2787 „cum“
