1896 3179
887 142 1162 181 -66-

238 253 399 302 Otto¹):
430 254 486 301 (de
506 255 717 302 anaphora3
744 255 782 289 in
803 255 955 300 exempl.
976 254 1145 290 adhibita
1173 255 1262 289 sunt
1291 253 1455 289 carmina
1473 253 1611 300 Vergili
1630 255 1668 289 et
1685 253 1802 296 Ovidi,

239 309 413 355 Marburg
445 308 573 356 1907),
604 309 669 355 qui
696 319 772 344 rem
796 304 855 344 ⁴ita
883 319 945 345 ese
974 319 1018 344 eo
1046 309 1284 358 demonstrat,
1306 308 1406 354 quod
1434 309 1567 353 poetae
1595 308 1748 344 alternis
1768 310 1806 343 et

242 364 473 409 anaphoram
511 365 548 398 et
585 363 789 409 particulas
832 364 1017 409 usurpant
1045 362 1090 408 (p.
1109 362 1186 410 41).
1233 364 1277 398 ut
1304 362 1367 398 Ov.
1387 364 1472 398 met.
1505 362 1538 404 1,
1564 362 1650 400 119.
1696 362 1803 408 Prop.

240 419 273 453 II
295 419 330 459 6,
354 419 398 466 93
427 418 477 452 IV
498 419 532 459 2,
559 417 618 454 15.
665 418 788 463 Atque
817 417 1011 464 anaphora
1038 419 1098 453 est
1125 418 1207 453 loco
1236 417 1440 463 particulae
1459 416 1715 463 copulativae:
1744 419 1802 459 et,

237 475 373 518 atque
413 472 533 517 (Otto
563 483 597 517 p.
619 471 698 518 56):
734 472 927 513 115,18:
964 471 1144 517 Hysipyle
1181 482 1303 507 vacuo
1342 471 1512 507 constitit
1547 471 1586 506 in
1622 471 1804 508 thalamo:

239 526 421 573 Hysipyle
449 525 573 562 nullos
602 527 689 572 post
716 525 802 561 illos
831 525 951 562 sensit
978 536 1134 561 amores.
1173 525 1285 569 1128,
1304 525 1370 561 51:
1399 525 1592 562 vobiscum
1621 527 1680 561 est
1705 524 1803 572 Iope,

242 581 437 617 vobiscum
467 581 627 617 candida
654 581 762 627 Tyro,
807 581 1000 616 vobiscum
1029 580 1175 626 Europe
1202 592 1270 615 nec
1285 607 1293 616 .
1315 607 1323 615 .
1344 607 1351 615 .
1390 581 1423 615 11
1449 580 1512 622 26,
1540 581 1611 615 27:
1649 580 1806 615 multum

239 636 278 670 in
308 646 432 670 amore
460 635 556 670 fides
584 635 740 670 multum
769 635 984 670 constantia
1012 634 1173 680 prodest.
1194 654 1245 660 —
1274 635 1478 680 Anaphora
1495 636 1687 681 praeterea
1703 636 1807 670 tenet

240 690 363 725 locum
392 700 547 728 vocum:
576 700 663 725 non
692 690 834 726 solum
864 710 916 715 -
945 689 1020 725 sed
1046 688 1195 725 etiam:
1233 689 1282 724 III
1306 688 1366 731 17,
1384 689 1407 725 5
1436 700 1502 736 per
1527 689 1565 724 te
1589 689 1802 735 iunguntur,

242 755 307 790 per
333 747 370 781 te
400 744 599 779 solvuntur
627 745 808 780 amantes.
856 745 952 779 Otto
981 755 1015 789 p.
1037 743 1099 779 58.
1153 743 1293 779 Deinde
1321 743 1516 789 anaphora
1542 745 1602 779 est
1627 754 1694 789 pro
1714 753 1806 778 voce

247 795 409 846 „nec“:
448 798 479 833 II
500 798 564 840 24,
585 798 637 833 49
667 798 744 834 noli
773 798 972 838 nobilibus,
1011 797 1088 833 noli
1108 797 1273 833 conferre
1300 797 1433 834 beatis.
1471 797 1519 833 111
1544 797 1603 840 18,
1626 797 1676 834 27
1697 797 1807 833 Nirea

246 864 320 888 non
348 852 477 891 facies,
508 864 584 888 non
612 853 673 888 vis
702 853 837 888 exemit
854 853 1042 888 Achillem.
1063 854 1130 888 etc.
1151 851 1269 899 (Otto
1298 863 1331 898 p.
1353 851 1428 899 59).
1475 852 1568 887 Tum
1596 862 1661 898 pro
1690 851 1806 898 parti-

249 908 335 942 cula
367 905 502 955 „aut“
545 908 675 942 scribit
710 908 939 953 anaphoram
976 907 1209 952 Propertius:
1247 906 1296 941 111
1318 907 1377 947 11,
1401 906 1471 942 67:
1500 917 1599 941 nunc
1627 906 1701 941 ubi
1729 906 1807 940 Sci-

237 961 372 1008 piadae
401 961 555 1003 classes,
585 961 661 998 ubi
689 961 797 1006 signa
817 960 969 1003 Camilli,
1001 962 1079 996 aut
1106 960 1296 997 modom?
1342 960 1390 995 111
1415 961 1474 1002 11,
1498 960 1569 997 27:
1597 972 1683 996 nam
1711 961 1805 1006 quid

246 1017 392 1058 heroas,
434 1016 522 1062 quid
556 1018 697 1062 raptem
724 1016 763 1051 in
793 1016 941 1051 crimine
961 1015 1096 1051 divos?
1134 1015 1243 1057 1132,
1259 1015 1300 1063 33
1328 1015 1378 1050 IV
1393 1016 1428 1056 7,
1447 1015 1497 1050 27
1519 1015 1670 1061 saepius
1687 1014 1805 1061 (Otto

244 1081 278 1116 p.
301 1070 364 1117 60)
395 1069 476 1117 (seu
495 1090 549 1095 —
569 1081 655 1108 seu:
692 1070 724 1105 Π
744 1070 807 1112 25,
830 1070 878 1105 41
911 1070 1095 1105 vidistis
1117 1097 1125 1105 .
1145 1096 1153 1105 .
1174 1097 1181 1105 .
1212 1069 1382 1110 candore,
1413 1069 1563 1105 vidistis
1592 1069 1699 1105 fusco
1721 1097 1728 1105 .
1749 1096 1757 1104 .
1779 1097 1804 1110 .,

244 1125 353 1160 ducit
390 1126 545 1171 uterque
584 1125 694 1160 color.
741 1125 838 1160 inira
880 1136 914 1170 p.
936 1123 1015 1171 67).
1072 1124 1164 1159 Τ11111
1207 1135 1321 1170 saepe
1354 1135 1431 1170 pro
1460 1124 1702 1170 particulis
1731 1125 1806 1159 ad-

242 1190 344 1214 vers
352 1179 491 1215 ativis
521 1180 724 1225 usurpatur
743 1179 950 1224 anaphora:
980 1178 1062 1220 115,
1077 1179 1146 1214 28:
1167 1178 1327 1225 Cynthia
1344 1178 1465 1214 forma
1483 1180 1627 1224 potens,
1650 1178 1808 1224 Cynthia

241 1234 356 1269 verba
374 1234 478 1268 levis.
518 1233 549 1268 II
569 1233 632 1275 24,
655 1233 722 1268 41:
753 1233 861 1269 credo
882 1244 950 1279 ego
971 1260 978 1267 .
1000 1260 1007 1268 .
1029 1259 1037 1267 .
1066 1232 1230 1278 periisse,
1253 1233 1360 1268 credo
1380 1243 1448 1278 ego
1469 1233 1593 1268 sed...
1630 1232 1725 1274 IV2,
1739 1233 1806 1267 31:

241 1288 346 1334 cinge
375 1290 489 1334 caput
516 1287 635 1329 mitra,
667 1287 827 1334 speciem
855 1287 1039 1323 furabor
1065 1287 1214 1335 Jacchi3
1242 1287 1429 1323 furabor
1456 1287 1605 1329 Phoebi,
1637 1287 1670 1323 si
1697 1287 1807 1323 modo

246 1343 390 1388 plectra
419 1343 538 1377 dabis.
567 1362 620 1367 ——-
650 1342 944 1388 saepissimeque
979 1340 1097 1387 (Otto
1126 1353 1159 1387 p.
1181 1341 1255 1389 61).
1303 1341 1471 1387 Denique
1498 1341 1713 1387 Propertius
1741 1352 1807 1387 pro

247 1396 459 1442 particulis:
497 1398 545 1432 ut
571 1417 626 1422 —
655 1397 720 1432 ita
756 1396 874 1432 utitur
912 1396 1122 1442 anaphora:
1162 1396 1177 1431 I
1201 1396 1260 1435 12.
1284 1396 1353 1432 2οε
1393 1396 1552 1442 Cynthia
1580 1396 1698 1441 prima
1724 1396 1805 1437 fuit,

242 1451 404 1497 Cynthia
431 1452 518 1486 finis
548 1452 617 1486 erit
646 1451 764 1497 (Otto
794 1462 827 1496 p.
850 1451 923 1498 63).

246 1580 292 1627 b)
321 1579 386 1619 De
414 1579 745 1619 coordInatione
773 1578 1094 1618 sententiarum
1123 1578 1219 1618 loeo
1237 1577 1614 1618 subordinationis
1632 1578 1810 1628 scripta.

371 1656 474 1692 Certe
499 1657 570 1691 hoc
589 1667 707 1702 genus
727 1656 871 1691 dicendi
891 1656 1070 1692 sermonis
1091 1656 1203 1701 prisci
1222 1658 1260 1691 et
1277 1656 1471 1692 familiaris
1492 1657 1561 1698 est,
1584 1667 1809 1703 quamquam

245 1721 524 1756 nonnumquam
555 1711 666 1746 etiam
695 1711 795 1756 apud
824 1713 956 1756 poetas
984 1711 1183 1752 invenitur,
1214 1711 1410 1756 praecipue
1430 1712 1554 1746 autem
1574 1711 1675 1757 apud
1688 1710 1809 1746 Hora-

246 1766 343 1801 tium
382 1765 420 1800 in
459 1765 610 1801 saturis.
659 1765 859 1801 Schmalz
889 1776 923 1811 p.
945 1765 1033 1800 354.
1081 1765 1262 1807 Ziemer,
1302 1765 1452 1811 Junggr.
1484 1765 1625 1801 Streifz.
1654 1777 1688 1812 p.
1713 1765 1810 1812 1113

247 1820 449 1865 Lindsay
487 1831 520 1865 p.
543 1820 615 1868 663
652 1819 801 1861 Blase,
842 1820 945 1865 Synt.
975 1831 1008 1865 p.
1034 1820 1126 1868 1693
1163 1819 1281 1866 Leky
1322 1831 1356 1865 p.
1377 1820 1446 1867 413
1484 1819 1529 1855 de
1566 1819 1698 1855 Horati
1736 1830 1810 1855 usu

249 1887 282 1909 v.
312 1874 540 1909 Fritzsche
579 1874 662 1909 adn.
693 1874 741 1909 ad
770 1876 840 1909 sat.
860 1874 892 1908 II
913 1874 948 1915 6,
971 1873 1033 1909 48.
1080 1875 1134 1909 Ac
1171 1874 1384 1920 Propertius
1423 1885 1469 1909 oa
1506 1874 1664 1910 dictione
1693 1873 1810 1909 utitur

245 1939 329 1975 pro
359 1929 619 1963 sententia
646 1928 931 1974 temporali:
969 1928 1067 1969 120.
1092 1928 1158 1964 31:
1187 1928 1262 1963 iam
1282 1929 1409 1964 cessat
1426 1939 1563 1974 genus:
1582 1928 1663 1964 ibat
1680 1927 1808 1974 Hylas.

245 1983 279 2017 ΙΙ
303 1982 363 2024 14,
386 1982 456 2017 21:
491 1983 695 2027 pulsabant
722 1982 786 2017 alii
813 1983 954 2017 frustra
983 1983 1241 2027 dominamque
1269 1983 1475 2019 vocabant:
1509 1992 1650 2017 mecum
1678 1982 1811 2017 habuit

246 2037 410 2081 positum
438 2036 541 2071 lenta
569 2036 694 2081 puella
722 2039 845 2081 caput.
894 2036 943 2070 IV
964 2037 999 2077 7,
1022 2035 1094 2070 92:
1122 2046 1192 2071 nos
1220 2035 1399 2077 vehimur,
1430 2036 1578 2071 vectum
1605 2037 1724 2071 nauta
1752 2046 1809 2070 re-

245 2092 373 2126 censet
401 2100 507 2125 onus.
555 2090 605 2125 IV
626 2090 661 2131 8,
687 2090 755 2125 11:
784 2090 846 2125 ille
875 2090 946 2125 sibi
974 2090 1145 2125 admotas
1175 2101 1198 2125 a
1226 2090 1367 2135 virgine
1396 2090 1546 2136 corripit
1573 2100 1700 2126 escas:
1737 2091 1810 2125 vir-

245 2144 340 2188 ginis
369 2145 407 2178 in
435 2144 569 2189 palmis
598 2144 683 2189 ipsa
711 2145 876 2179 canistra
903 2146 1073 2179 tremunt.
1121 2143 1171 2178 IV
1195 2144 1254 2184 10,
1278 2144 1348 2179 36:
1378 2154 1445 2179 nec
1473 2154 1577 2179 mora
1604 2144 1668 2181 fit:
1697 2144 1809 2189 plano

245 2198 346 2232 sistit
364 2200 518 2243 uterque
538 2198 702 2243 gradum.
749 2198 832 2234 Pro
862 2198 1091 2234 sententia
1119 2198 1413 2234 consecutiva
1437 2209 1520 2234 esse
1549 2198 1638 2233 mihi
1665 2198 1811 2233 videtur

251 2252 536 2297 parataxis:
575 2252 646 2294 14,
670 2252 740 2287 22:
778 2255 816 2287 te
853 2253 951 2287 irata
988 2249 1153 2290 differet:
1191 2253 1264 2288 heu
1300 2252 1403 2288 nullo
1436 2252 1561 2288 limine
1589 2262 1699 2288 carus
1727 2252 1809 2288 eris.

252 2306 283 2341 II
307 2305 367 2345 13,
391 2306 431 2341 7:
470 2308 596 2341 nostro
626 2307 806 2352 stupefiat
834 2307 994 2353 Cynthia
1020 2317 1148 2344 versu:
1186 2308 1277 2342 tunc
1305 2317 1375 2353 ego
1403 2306 1474 2342 sin
1491 2306 1623 2342 notior.
1658 2306 1721 2348 28,
1738 2306 1810 2342 49:

251 2362 342 2395 sunt
370 2360 468 2405 apud
498 2360 663 2395 infernos
689 2363 749 2396 tot
766 2361 869 2396 milia
886 2362 1152 2398 formosarum:
1180 2361 1338 2406 pulchra
1355 2361 1407 2396 sit
1423 2360 1462 2395 in
1481 2361 1638 2406 superis,
1660 2361 1693 2396 si
1711 2360 1807 2402 licet,

247 2425 325 2450 una
353 2414 457 2449 locis.
505 2413 552 2448 111
576 2414 608 2451 1.
632 2413 702 2449 39:
732 2415 905 2450 carminis
922 2415 1063 2450 interea
1080 2415 1200 2450 nostri
1218 2414 1413 2450 redeamus
1431 2414 1471 2449 in
1490 2415 1630 2453 orbem:
1648 2415 1812 2460 gaudeat

247 2470 286 2504 in
315 2469 428 2504 solito
456 2469 562 2503 tacta
590 2467 715 2513 puella
743 2479 846 2504 sono.
894 2469 943 2503 lV
967 2469 999 2510 1,
1026 2469 1122 2504 102:
1149 2469 1215 2504 illa
1234 2468 1349 2514 parit:
1377 2468 1482 2503 libris
1501 2470 1560 2504 est
1578 2469 1668 2504 data
1686 2469 1812 2514 palma

247 2523 349 2557 meis.
398 2523 442 2557 cf.
482 2522 685 2557 Schmalz
723 2533 756 2567 p.
788 2522 886 2570 3553
923 2522 1065 2557 Plaut.
1100 2522 1193 2557 Men.
1225 2522 1324 2558 572:
1362 2532 1499 2558 morem
1526 2522 1666 2558 habent
1693 2523 1811 2560 hunc:

379 2629 403 2670 ¹)
426 2628 469 2663 of.
493 2639 526 2672 p.
541 2628 602 2662 83:
637 2637 720 2661 vera
754 2628 845 2661 enim
876 2627 1077 2671 amphorae
1106 2629 1233 2661 natura
1261 2637 1332 2661 11011
1353 2628 1389 2661 111
1411 2628 1471 2662 illa
1492 2629 1536 2662 ab
1559 2629 1716 2662 omnibus
1738 2628 1811 2662 fere

248 2674 473 2716 comprobata
501 2672 691 2706 exornandi
721 2674 758 2705 et
786 2670 1024 2714 amplificandi
1051 2671 1243 2705 orationem
1265 2672 1395 2705 virtute
1417 2675 1472 2706 est
1493 2672 1700 2723 quaerenda,
1723 2681 1811 2716 quae

247 2717 301 2749 vis
330 2716 488 2750 omnibus
515 2716 626 2759 tropis
655 2717 693 2749 et
721 2714 843 2758 figuris
865 2718 919 2748 est
941 2714 1141 2754 communis,
1172 2714 1234 2748 sed
1257 2717 1296 2749 ut
1316 2718 1409 2750 recte
1431 2716 1561 2750 Birtms
1583 2715 1677 2756 vidit,
1701 2716 1736 2749 111
1758 2726 1811 2756 eo,

248 2760 396 2804 quodin
418 2759 531 2793 locum
554 2759 835 2794 coniunctionum
857 2758 1035 2793 succedit.
1053 2786 1060 2793 .
1078 2784 1086 2794 .
