1896 3179
874 126 1142 165 „34-

226 238 275 273 iu
289 246 399 283 ngo:
428 237 536 283 Prop.
557 236 606 272 111
626 236 690 279 21,
710 237 774 276 13:
804 237 944 282 iungite
965 239 1127 273 extremo
1151 236 1275 273 felicia
1294 237 1411 273 lintea
1439 237 1554 285 malo3
1583 236 1632 272 lV
1652 236 1711 278 11,
1730 236 1798 285 35;

227 291 369 336 (partic.
404 292 616 333 „iunctus“.
656 292 755 336 quod
792 291 979 326 invenitur
1017 303 1075 336 ap.
1095 292 1204 337 Prop.
1224 291 1270 325 111
1291 291 1325 331 9,
1345 292 1409 331 33,
1443 291 1571 326 eadem
1609 292 1800 326 structura.

232 345 439 391 praeditum
468 346 527 380 est
548 345 659 380 etiam
689 355 747 390 ap.
769 344 840 380 Cic.
863 343 920 393 [cf.
940 345 1102 392 Draeger
1129 343 1167 380 1²
1185 344 1264 380 425
1294 342 1316 393 ξ
1340 343 1457 393 187]).
1505 344 1604 380 Idem
1632 345 1678 380 fit
1696 345 1797 391 apud

229 400 384 446 priscos,
405 401 538 446 poetas
554 400 768 445 Augusteae
784 400 922 435 aetatis
937 400 1247 446 posterioresque.
1267 400 1312 435 cf.
1328 400 1353 435 S
1364 399 1550 435 chmalz
1570 411 1604 445 p.
1622 400 1711 441 243,
1729 399 1799 447 733

225 455 271 488 de
310 454 455 488 Lucreti
494 464 566 488 usu
602 464 636 488 v.
671 454 865 494 Holtze,
913 456 1011 502 synt.
1040 454 1183 489 Lucret.
1203 455 1265 489 lin.
1295 465 1328 499 p.
1349 454 1418 501 443
1456 454 1501 488 de
1538 453 1672 488 Catulli
1708 463 1797 490 usu:

230 507 579 547 Overholthaus,
612 509 709 554 synt.
731 507 861 543 Catull.
883 518 989 554 capp.
1009 507 1042 543 ΙΙ
1071 519 1105 554 p.
1126 509 1188 545 27.
1245 508 1439 544 Praeterea
1477 509 1669 554 poetarum
1698 518 1798 543 more

229 563 343 597 verbo
377 564 552 604 „necto‘
586 562 691 596 addit
717 563 792 596 dat.
814 562 920 607 Prop.
940 562 990 596 III
1012 563 1047 603 5,
1066 562 1124 599 12.
1716 556 1718 560 ⁷

360 625 467 662 Nunc
487 626 606 661 dicere
630 625 756 661 licebit
784 625 824 661 B.
845 626 890 661 de
909 626 1033 661 verbis
1053 626 1304 662 intransitivis
1324 625 1530 662 coniunctis
1550 636 1634 661 cum
1653 625 1798 664 dativo:

359 680 396 726 α)
428 681 471 716 de
501 681 624 716 verbis
654 680 902 728 simplicibus3
932 681 976 715 de
1004 681 1128 715 verbis
1161 678 1334 728 „facio“
1365 683 1403 716 et
1433 677 1692 729 „ministro“
1715 680 1797 715 intr.

229 735 423 780 usurpatis
461 745 496 769 v.
523 745 637 780 supra
675 745 708 780 p.
736 734 798 770 24.
855 734 908 769 De
946 735 1058 770 verbo
1091 732 1346 783 „persuadeo“
1383 733 1577 770 transitive
1616 736 1798 780 usurpato

230 801 265 835 p.
287 789 348 824 24.
405 789 433 824 E
467 789 590 825 verbis
628 789 938 835 impersonalibus
977 789 1184 825 coniunctis
1223 800 1305 825 cum
1343 789 1471 825 dativo
1511 789 1673 835 profero:
1723 790 1800 824 est

230 844 266 888 (i.
282 855 311 878 e.
327 843 474 890 ἔξεστι);
503 844 611 889 Prop.
632 844 647 878 Ι
666 844 729 885 20,
749 844 814 891 13;
842 843 889 878 III
911 844 945 884 3,
963 844 1027 883 41,
1050 844 1112 878 ubi
1133 845 1325 888 poetarum
1341 854 1477 879 morem
1497 845 1535 878 et
1553 843 1798 888 posteriorum

229 897 398 944 sequitur
424 897 657 945 Propertius3
686 909 721 934 v.
741 898 933 943 Draeger
960 897 993 933 11
1014 897 1103 933 293.

357 951 395 1000 β)
436 953 480 988 de
527 953 651 987 verbis
699 952 933 998 compositis:
981 952 1025 987 cf.
1051 952 1244 997 Draeger
1272 950 1313 986 1²
1336 952 1416 987 406
1452 950 1474 1000 ξ
1504 952 1577 987 185
1613 963 1667 997 sq.
1730 951 1798 986 Hic

232 1017 380 1052 quoque
409 1006 638 1051 Propertium
677 1017 760 1041 cum
789 1008 981 1051 poetarum
1019 1007 1057 1041 et
1089 1005 1337 1052 posteriorum
1374 1016 1447 1040 usu
1476 1016 1674 1051 congruere
1708 1016 1797 1040 con—

231 1062 452 1095 sentaneum
472 1062 545 1097 est:
566 1060 694 1095 afflo:
716 1060 826 1100 1129,
846 1060 910 1108 103
931 1061 1189 1098 concumbo:
1209 1059 1242 1094 II
1262 1059 1320 1101 15,
1338 1059 1385 1094 16
1407 1059 1453 1104 (v.
1469 1060 1630 1105 Draeger
1643 1059 1798 1106 p.413);

230 1125 465 1150 concurro:
504 1115 550 1149 III
572 1114 607 1155 9,
627 1115 692 1161 173
730 1114 895 1150 incido:
933 1114 949 1149 I
974 1114 1033 1155 15,
1052 1114 1102 1149 28
1132 1113 1293 1160 (duobus
1322 1114 1415 1149 locis
1444 1114 1544 1160 apud
1573 1114 1696 1160 ipsum
1725 1113 1797 1149 Cic.
1824 1119 1830 1124 ’

229 1169 447 1214 cf.Draeger
461 1168 616 1216 p.415);
645 1169 867 1206 incumbo:
888 1169 902 1203 1
920 1168 982 1210 20,
996 1168 1060 1215 413
1089 1169 1139 1203 IV
1155 1169 1191 1210 7,
1208 1169 1248 1216 33
1268 1168 1417 1206 inniti:
1437 1168 1533 1210 120,
1547 1169 1616 1216 443
1637 1168 1797 1203 insum:

228 1223 277 1257 IV
293 1223 328 1263 9,
348 1223 398 1258 72
429 1222 537 1268 (quae
566 1223 741 1258 iunctura
768 1223 816 1257 ab
842 1223 1062 1268 optimorum
1091 1225 1284 1268 poetarum
1313 1233 1385 1257 usu
1414 1222 1609 1257 abhorrere
1637 1222 1796 1263 videtur,

228 1287 314 1312 nam
327 1277 513 1312 invenitur
527 1288 586 1323 ap.
601 1277 688 1314 Hor.
707 1277 858 1324 saepius
874 1277 911 1313 in
928 1288 1019 1323 epp..
1038 1276 1137 1319 Sall„
1153 1276 1243 1319 Liv.,
1259 1276 1361 1322 Nep.,
1379 1276 1559 1312 Ovidium.
1580 1276 1624 1312 cf.
1639 1276 1799 1322 Draeger

228 1330 270 1366 12
289 1331 394 1377 416).
452 1332 605 1366 subeo:
645 1332 744 1372 114,
764 1331 832 1378 203
869 1331 1070 1378 1127,10;
1106 1331 1322 1378 11119,14;
1359 1331 1408 1372 IV
1428 1331 1464 1372 2,
1484 1331 1551 1378 503
1590 1331 1626 1371 6,
1644 1331 1706 1366 71.
1744 1351 1799 1355 —

229 1385 396 1431 Denique
416 1386 474 1420 his
495 1385 593 1421 addo
613 1386 766 1421 verbum
786 1385 1032 1431 impersonale
1053 1385 1289 1421 coniunctum
1310 1395 1392 1420 cum
1419 1385 1562 1422 dativo:
1592 1385 1797 1420 succedit

228 1439 277 1475 III
299 1441 333 1481 7,
352 1439 404 1475 38
440 1439 537 1484 (nosz
568 1451 608 1475 es
633 1439 800 1487 gelingt):
828 1441 872 1475 ut
897 1440 966 1475 tibi
986 1440 1172 1476 succedat.
1201 1460 1255 1464 —
1284 1440 1328 1475 cf.
1349 1439 1438 1475 Ter.
1459 1440 1569 1475 Andr.
1590 1439 1685 1487 6703
1715 1439 1796 1474 Cic.

229 1495 267 1529 in
296 1505 377 1540 epp.
398 1496 442 1529 ut
469 1494 516 1529 ad
547 1495 612 1537 Qu.
631 1494 674 1529 fr.
696 1495 731 1535 2,
754 1495 812 1535 14,
836 1495 867 1542 13
905 1494 1030 1529 Plano.
1057 1505 1116 1540 ap.
1143 1494 1213 1529 Cic.
1233 1494 1319 1529 fam.
1344 1494 1404 1534 10,
1422 1494 1457 1535 4,
1477 1494 1518 1542 4;
1557 1494 1708 1539 saepius
1738 1505 1796 1538 ap.

230 1548 376 1583 Livium
413 1550 456 1582 ut
484 1548 547 1590 24,
569 1548 629 1590 19,
648 1549 682 1583 6.
740 1548 929 1583 Hactenus
968 1549 1012 1583 de
1050 1548 1173 1583 verbis
1212 1548 1428 1594 compositis
1469 1548 1676 1583 coniunctis
1715 1558 1797 1582 cum

232 1603 377 1650 ‹lativo3
405 1605 642 1638 transeamus
672 1602 735 1638 ad:
856 1631 859 1634 .

361 1658 394 1703 γ)
424 1658 540 1691 verba
559 1657 734 1697 certandi,
767 1657 903 1702 quibus
923 1658 997 1691 iam
1018 1668 1041 1691 a.
1060 1657 1205 1697 Plauto,
1238 1657 1367 1692 deinde
1387 1668 1411 1691 a
1429 1657 1610 1697 Lucretio,
1638 1656 1795 1696 Catullo,

232 1713 329 1756 poet.
345 1712 439 1757 Aug.
456 1713 527 1747 aet.
547 1710 888 1756 posterioribusque
922 1710 1071 1746 additur
1090 1711 1251 1746 dativus.
1283 1710 1328 1746 cf.
1349 1710 1550 1746 Schmalz
1569 1722 1604 1757 p.
1621 1710 1710 1752 243,
1730 1710 1798 1758 733

232 1766 425 1811 poetarum
446 1765 615 1811 exempla
633 1765 773 1811 profert
791 1765 985 1810 Draeger
1004 1763 1042 1800 1²
1058 1765 1137 1800 406
1158 1763 1180 1813 ξ
1200 1765 1291 1813 184;
1312 1765 1356 1800 cf.
1371 1766 1577 1811 praeterea:
1598 1765 1797 1800 Brenous

230 1831 264 1864 p.
289 1819 376 1859 144,
409 1820 472 1865 qui
491 1820 588 1854 hanc
609 1822 833 1855 structuram
858 1830 932 1854 non
952 1819 1112 1855 alienam
1142 1830 1166 1854 a
1184 1819 1312 1865 lingua
1331 1819 1450 1854 latina
1469 1821 1663 1865 poetarum
1683 1818 1798 1854 Grae-

229 1884 355 1909 corum
384 1873 591 1909 imitatione
620 1874 732 1910 etiam
761 1874 1006 1909 increbruisse
1035 1874 1209 1909 affirmat.
1255 1873 1309 1909 De
1329 1873 1464 1909 Catulli
1493 1885 1566 1909 usu
1594 1885 1628 1909 v.
1650 1873 1797 1909 Over-

230 1928 470 1963 holthaus
491 1940 526 1974 p.
543 1929 614 1970 273
649 1929 694 1963 de
714 1929 881 1974 Properti
900 1929 1107 1973 Wagner
1125 1939 1159 1973 p.
1180 1928 1237 1963 15.
1259 1949 1312 1953 —
1337 1931 1493 1965 certo:
1512 1928 1720 1973 Prop.II3,
1738 1928 1798 1965 11:

231 1982 417 2018 Maeotica
444 1983 507 2017 nix
537 1982 651 2018 minio
681 1983 713 2018 si
743 1984 858 2018 certet
886 1982 1038 2029 Hiber03
1077 1982 1126 2017 IV
1142 1982 1178 2024 6,
1197 1983 1237 2030 3;
1275 1982 1321 2018 cf.
1343 1982 1447 2028 Verg.
1468 1982 1532 2018 ecl.
1553 1982 1588 2022 5,
1607 1982 1648 2030 83
1676 1992 1797 2028 georg.

232 2038 267 2076 2,
289 2037 381 2084 1383
410 2037 495 2072 Hor.
517 2048 545 2072 c.
567 2038 603 2077 2,
623 2037 745 2085 6,15;
776 2039 847 2072 sat.
869 2037 959 2078 2,5,
981 2037 1039 2072 19.
1088 2038 1354 2074 contendo:
1383 2037 1490 2082 Prop.
1511 2037 1526 2071 Ι
1547 2038 1582 2078 ’7,
1602 2037 1643 2084 3;
1677 2037 1737 2078 14,
1756 2036 1798 2083 73

234 2096 401 2130 (mecumz
431 2091 462 2125 II
484 2091 546 2132 24,
566 2090 641 2137 23).
685 2100 868 2138 pugno:
898 2091 913 2125 I
938 2090 997 2130 10,
1018 2091 1084 2137 223
1114 2091 1158 2126 cf.
1180 2091 1258 2126 Cat.
1280 2091 1343 2132 62,
1361 2091 1429 2138 643
1457 2090 1564 2134 Verg.
1584 2090 1674 2125 Aen.
1695 2091 1731 2131 4,
1746 2090 1798 2125 38

231 2144 307 2187 (adz
335 2144 368 2178 II
389 2144 451 2185 24,
471 2143 577 2190 25).1)

363 2260 384 2300 ¹)
408 2259 570 2293 Fortasse
593 2259 660 2293 hoc
682 2260 757 2293 loco
789 2269 860 2293 rem
883 2260 1012 2293 afferre
1033 2259 1126 2299 lieet,
1159 2269 1249 2303 quae
1279 2259 1430 2302 pertinet
1451 2258 1497 2292 ad
1520 2258 1798 2292 declinationem.

230 2301 395 2335 Nonnulli
418 2303 508 2335 enim
528 2304 738 2345 putaverunt
758 2303 905 2336 inveniri
927 2302 1021 2346 apud
1044 2305 1168 2346 poetas
1184 2302 1341 2336 dativum
1363 2302 1399 2335 in
1422 2320 1465 2326 —-
1487 2312 1507 2334 e
1521 2304 1715 2342 exeuntem,
1739 2302 1798 2345 qui

231 2345 406 2378 invenitur
427 2345 463 2378 in
485 2346 596 2379 titulis
618 2346 762 2389 plebeiis
784 2346 839 2389 (cf.
856 2346 964 2386 Stolz,
987 2346 1091 2380 Laut-
1113 2357 1147 2380 u.
1164 2345 1408 2380 Formenlehre
1432 2344 1519 2387 129):
1553 2345 1680 2379 Dative
1701 2347 1798 2379 auf-e

231 2399 301 2423 von
336 2388 452 2422 diesen
476 2389 653 2423 Stimmen
685 2390 738 2432 (ut
766 2390 851 2430 ovis,
881 2390 991 2434 pater)
1025 2390 1103 2424 sind
1126 2400 1212 2423 nur
1234 2389 1427 2432 vulgar,
1458 2388 1514 2423 die
1539 2389 1719 2432 angeblich
1741 2388 1799 2422 fur

231 2434 288 2466 die
310 2432 599 2475 Dichtersprache
621 2434 928 2476 nachgewiesenen
950 2433 1061 2467 dieser
1079 2434 1146 2467 Art
1167 2432 1246 2466 sind
1267 2433 1395 2466 bereits
1417 2442 1486 2466 von
1507 2431 1603 2466 Neue
1624 2432 1797 2475 beseitigt.

232 2477 289 2510 Ita
303 2476 404 2509 multi
425 2475 491 2508 viri
508 2476 602 2509 docti
618 2477 724 2509 etiam
746 2477 839 2520 apud
852 2477 1069 2520 Propertium
1084 2476 1213 2510 multos
1228 2476 1318 2509 tales
1332 2475 1430 2509 locos
1451 2486 1488 2509 se
1503 2476 1676 2510 invenisse
1697 2480 1804 2520 puta·

232 2523 359 2553 verunt
382 2519 438 2562 (cf.
454 2519 554 2553 Voss.
567 2519 610 2552 de
625 2520 716 2553 anal.
730 2519 762 2556 2.
778 2519 834 2560 103
868 2520 1043 2553 Burmann
1058 2520 1104 2553 ad
1118 2520 1220 2562 Prop.
1236 2520 1266 2559 8,
1279 2519 1311 2559 9,
1322 2518 1367 2552 40
1388 2519 1430 2562 (4,
1446 2520 1496 2560 11,
1507 2520 1576 2563 40);
1600 2519 1797 2559 Schneider,

233 2563 477 2597 Formenlehre
499 2563 575 2601 201,
606 2573 685 2596 cum
731 2563 831 2597 uibus
851 2563 939 2597 facit
960 2563 1173 2605 Rothstein);
1202 2563 1320 2596 multis
1341 2563 1425 2597 locis
1448 2567 1541 2597 certe
1563 2573 1642 2597 cum
1662 2563 1798 2602 iniuria,

232 2610 272 2639 ut
295 2607 427 2647 18,22;
456 2606 509 2647 11;
541 2606 592 2645 17,
604 2606 662 2646 21;
754 2605 857 2645 6,24;
887 2606 933 2640 lv
948 2605 1050 2646 7‚77;
1074 2605 1131 2639 ubi
1151 2608 1243 2639 certe
1265 2608 1407 2640 exstant
1427 2607 1494 2640 abl.
1515 2607 1591 2647 loci,
1622 2606 1796 2650 temporie,

233 2660 362 2684 causae
384 2650 440 2693 (cf.
457 2649 727 2694 Neue-Wagner
749 2649 785 2682 1³
799 2649 866 2683 300
881 2652 917 2682 et
931 2649 1018 2692 301).
1062 2648 1158 2683 Unus
1180 2651 1298 2684 autem
1320 2650 1415 2685 locus
1437 2649 1601 2692 1V8,10:
1627 2649 1799 2691 „creditur

232 2704 292 2727 ore
313 2697 456 2728 manus“
482 2696 608 2734 rostat3
640 2703 722 2735 ergo
746 2693 837 2726 hunc
859 2693 1016 2727 dativum
1038 2693 1191 2736 vulgaris
1212 2704 1290 2728 esse
1311 2694 1480 2728 sermonis
1495 2696 1674 2770 glutamns,
1704 2693 1798 2737 quod

236 2737 351 2770 mirari
366 2747 436 2770 non
454 2747 542 2780 opus
558 2740 622 2776 est,
640 2736 722 2779 quia
736 2736 867 2769 totiens
877 2736 1076 2779 Propertius
1091 2736 1268 2779 vulgarem
1283 2746 1380 2770 usum
1396 2737 1494 2771 dicen
1520 2737 1527 2744 “
1543 2736 1642 2780 sequi
1651 2736 1798 2770 videtur.
