1896 3179
864 140 1134 180 .-28-—

220 252 352 296 pectus
387 250 595 292 lacerata;
639 250 687 285 111
711 250 771 292 17,
793 250 862 288 29:
906 251 1067 286 candida
1100 252 1275 287 onerato
1310 250 1421 293 colla;
1464 250 1497 285 11
1518 250 1554 293 2,
1577 250 1617 289 8:
1660 251 1791 297 pectus

218 307 381 351 operta;
412 305 462 340 IV
481 305 518 346 9,
545 305 610 343 15:
639 305 795 350 pulsus
823 306 898 341 tria
926 308 1110 351 tempora;
1140 306 1256 347 II·15‚
1278 305 1346 343 42:
1376 306 1522 350 pressi
1550 306 1715 341 membra
1733 304 1791 351 (de

218 359 325 404 Verg.
346 370 419 395 usu
446 370 481 394 v.
502 359 561 394 Dr.
592 357 627 393 1⁹
646 358 754 404 367);
784 359 832 394 111
855 360 915 401 12,
940 359 1006 397 28:
1041 360 1205 396 alternas
1235 360 1388 396 scissa
1416 369 1554 406 aquas:
1583 359 1615 394 11
1639 359 1699 401 18,
1721 358 1789 397 24:

217 414 359 450 tincta
388 415 516 460 caput:
552 413 669 455 1128,
696 414 762 452 17:
796 425 924 450 versa
951 416 1081 460 caput:
1116 415 1167 450 IV
1187 416 1222 456 9,
1246 415 1312 452 52;
1342 425 1454 449 canes
1483 414 1634 449 vincta
1661 425 1789 450 comas

219 468 277 513 (de
311 469 422 513 Verg.‚
455 468 539 503 Hor.
569 479 603 503 v.
623 468 785 512 Draeger
811 467 844 503 12
865 468 960 509 364:
1004 469 1049 503 de
1087 469 1165 504 Cat.
1196 468 1363 504 Schafler
1389 479 1423 514 p.
1445 468 1520 515 22).
1576 468 1790 514 Propertius

218 523 282 558 uni
311 524 423 558 verbo
443 522 526 558 intr.
548 523 746 569 deponenti
766 522 872 558 addit
889 522 993 558 illum
1013 534 1153 566 accus:
1183 524 1199 559 Ι
1220 524 1255 566 3,
1278 523 1318 562 8:
1348 522 1507 570 Cynthia
1534 522 1640 558 nixa
1659 525 1787 569 caput:

217 578 248 612 Il
271 577 334 618 29,
357 578 424 615 40:
454 578 560 612 nixa
588 578 734 622 pedem:
754 598 809 602 —
828 578 873 612 cf.
893 578 1019 622 Apul.
1040 580 1123 612 met.
1144 578 1177 612 V
1197 579 1264 616 31:
1294 578 1433 613 infesta
1452 579 1489 612 et
1508 577 1789 612 stomachata

217 631 310 666 biles
339 631 518 666 Vener-ias
548 630 607 677 (ci.
627 631 819 677 Draeger
847 629 880 666 1²
901 630 991 673 370,
1024 631 1088 677 qui
1116 631 1220 667 illum
1249 642 1362 668 unum
1390 631 1512 667 locum
1540 630 1786 677 Apuleianum

215 696 300 721 esse
320 685 433 731 dicit).
448 706 503 711 —
516 686 640 731 Atque
660 686 764 721 addit
781 686 998 731 Propertius
1018 686 1122 721 illum
1142 687 1400 722 accusativum
1419 687 1531 721 verbo
1550 685 1788 721 intransitive

215 739 358 776 activo:
387 739 420 773 11
441 739 504 780 34,
527 739 594 776 47:
625 749 766 774 cornua
793 739 970 780 haeserit:
1000 739 1045 776 cf.
1065 739 1187 785 Verg.
1209 740 1297 775 Aen.
1319 739 1355 781 5,
1378 740 1445 777 97:
1474 739 1662 784 nigrantes
1682 740 1788 784 terga

216 793 411 836 iuvencos;
454 793 584 840 Georg.
606 794 642 835 3,
665 794 734 832 84:
768 794 890 830 tremit
925 795 1029 830 artus
1060 793 1174 840 (Luer.
1196 794 1243 829 III
1263 794 1358 836 487:
1402 794 1486 830 Hor.
1507 795 1576 830 sat.
1598 793 1630 829 ΙΙ
1651 794 1687 836 7,
1710 793 1786 840 57).

214 848 299 883 Tac.
316 859 402 883 ann.
421 849 481 889 13,
500 849 568 886 35:
589 849 838 894 praeriguisse
855 860 1003 890 manus:
1024 849 1132 894 Apul.
1148 850 1231 884 met.
1248 849 1281 882 V
1296 849 1358 890 17;
1380 849 1477 884 colla
1491 848 1785 894 sanguinantem.

214 902 260 938 ef.
283 902 494 938 Schafler
522 914 555 948 p.
578 903 640 939 27.

349 957 550 1002 Vulgarem
602 969 806 993 sermonem
859 959 955 993 certe
1008 957 1219 1002 Propertius
1273 958 1439 992 imitatur
1490 957 1784 992 accusativi

211 1011 439 1056 duplicis
493 1023 578 1046 usu
631 1022 720 1052 suo,
777 1011 839 1056 qui
887 1011 1074 1046 Ciceronis
1124 1013 1249 1046 aetate
1297 1011 1389 1047 solis
1441 1011 1564 1046 verbis
1612 1011 1780 1049 docendi,

209 1065 403 1110 poscendi,
448 1065 613 1110 rogandi,
659 1065 803 1100 celandi
837 1065 1001 1106 additur,
1039 1064 1104 1100 sed
1139 1065 1354 1110 plerumque
1389 1065 1521 1105 solum,
1559 1065 1592 1100 si
1627 1064 1783 1099 alterum

213 1119 399 1154 obiectum
439 1129 540 1164 pron.
570 1120 686 1154 neutr.
715 1129 796 1164 gen.
821 1120 894 1160 est;
929 1118 1120 1165 popularis
1154 1120 1279 1154 autem
1307 1129 1428 1154 sermo
1457 1119 1653 1165 praecipue
1681 1118 1783 1154 illum

210 1173 471 1208 accusativum
514 1173 681 1208 servavit
722 1173 877 1219 eiusque
920 1184 1030 1208 usum
1073 1173 1181 1208 auxit
1222 1172 1280 1219 (cf.
1307 1173 1509 1208 Schmalz
1538 1184 1573 1219 p.
1595 1173 1684 1212 233.
1707 1172 1782 1220 54).

211 1227 303 1262 Cum
342 1227 530 1273 passivo
571 1227 696 1263 verbi
739 1227 927 1263 docendi
962 1227 1153 1273 coniungit
1187 1227 1401 1273 Propertius
1437 1227 1694 1263 accusativum
1731 1228 1783 1263 rei

212 1292 311 1317 more
354 1283 549 1327 poetarum
591 1284 629 1317 et
670 1282 918 1327 posteriorum
959 1281 1016 1327 (cf.
1035 1282 1229 1327 Draeger
1256 1280 1291 1316 1³
1311 1281 1413 1328 371).
1470 1281 1576 1327 Prop.
1597 1282 1612 1316 1
1636 1282 1695 1323 13,
1718 1282 1782 1319 13:

209 1336 302 1370 haee
332 1336 476 1371 doctus.
533 1336 583 1371 At
616 1338 713 1371 certe
742 1336 923 1371 sermonis
957 1336 1152 1371 familiaris
1187 1337 1247 1371 est
1280 1336 1371 1371 haec
1400 1335 1576 1372 iunctura
1603 1336 1782 1381 passivi

209 1390 334 1425 verbi
377 1390 574 1431 celandi,
620 1393 677 1428 ut:
720 1390 766 1425 ΠΙ
787 1391 848 1431 25,
876 1391 940 1425 11:
982 1392 1021 1425 te
1063 1390 1194 1425 celatis
1228 1391 1349 1425 annis.
1397 1390 1443 1425 cf.
1463 1390 1554 1426 Ter.
1574 1390 1660 1425 Hec.
1682 1390 1781 1426 645:

209 1454 327 1478 nosne
356 1444 426 1479 hoc
456 1444 598 1479 celatos
626 1446 704 1479 tam
734 1444 807 1479 diu.
865 1444 935 1479 Cic.
956 1444 1003 1479 ad
1024 1444 1089 1486 Qu.
1109 1444 1170 1481 fn:
1219 1444 1254 1485 3,
1278 1444 1301 1479 5
1324 1443 1385 1489 (6),
1408 1444 1443 1481 4:
1473 1444 1539 1479 sed
1566 1445 1694 1479 tamen
1721 1443 1779 1478 in-

206 1498 341 1533 dicabo
369 1498 448 1539 tibi,
480 1498 580 1544 quod
609 1498 814 1534 mehercule
842 1498 881 1533 in
901 1498 1028 1544 primis
1047 1499 1085 1533 te
1105 1497 1265 1533 celatum
1285 1498 1466 1533 volebam.
1485 1518 1541 1523 —
1559 1498 1634 1533 Nec
1654 1497 1778 1533 minus

208 1552 297 1586 mihi
327 1552 434 1598 sequi
463 1553 610 1587 videtur
628 1552 841 1597 Propertius
871 1562 1076 1587 sermonem
1097 1552 1325 1587 cotidianum
1354 1552 1392 1586 in
1411 1553 1523 1586 verbo
1553 1552 1776 1592 monendi,

206 1606 308 1651 quod
347 1605 516 1641 similiter
553 1606 731 1652 scriptum
770 1606 958 1642 invenitur
995 1617 1055 1652 ap.
1075 1605 1268 1647 Naevium,
1301 1605 1486 1647 Plautum,
1518 1605 1600 1640 Cic.
1630 1605 1669 1640 in
1697 1617 1778 1651 epp.

209 1660 266 1703 (cf.
288 1660 483 1704 Draeger
510 1659 543 1694 Ι2
564 1661 666 1702 373).
705 1660 827 1704 Prop.
849 1660 948 1708 120,
974 1661 1011 1697 1:
1042 1661 1111 1694 hoc
1130 1670 1322 1694 monemus
1342 1661 1394 1700 te:
1425 1659 1470 1693 cf.
1491 1659 1560 1693 Cic.
1580 1659 1666 1693 fam.
1683 1659 1719 1698 3.
1738 1660 1778 1696 3:

207 1713 346 1747 Fabius
376 1724 421 1748 ea
449 1724 506 1748 me
536 1713 694 1755 monuit:
723 1714 798 1748 Att.
820 1714 855 1755 9,
879 1714 914 1755 9,
940 1715 978 1751 2;
1008 1713 1098 1748 illud
1127 1723 1185 1749 me
1205 1713 1382 1749 admones
1403 1712 1460 1759 (cf.
1481 1712 1580 1748 Verr.
1600 1712 1655 1755 111,
1678 1713 1778 1760 157).

209 1767 368 1813 Saepius
396 1768 565 1809 Plautus,
596 1768 736 1810 Livius,
769 1769 937 1804 nonnulli
965 1770 1108 1813 poetae,
1139 1779 1223 1803 raro
1254 1768 1378 1803 Cicero
1409 1766 1464 1812 (ut
1483 1768 1581 1802 Verr.
1601 1768 1632 1802 II
1657 1768 1688 1807 1,
1716 1768 1777 1813 17)

206 1823 320 1856 verbo
350 1822 565 1866 poscendi
595 1822 738 1855 addunt
767 1822 948 1866 duplicem
977 1821 1237 1856 accusativum
1266 1821 1322 1866 (cf.
1343 1821 1558 1867 Draeger).
1587 1840 1641 1845 —
1669 1821 1775 1866 Prop.

206 1874 237 1910 11
260 1874 322 1917 24,
349 1875 413 1914 13:
444 1875 548 1922 cupit
566 1875 702 1911 iratum
721 1875 822 1911 talos
842 1886 899 1912 me
919 1886 1072 1922 poscere
1092 1876 1262 1912 eburnos.
1305 1875 1349 1911 cf.
1365 1875 1471 1921 Verg.
1491 1875 1579 1910 Aen.
1601 1875 1660 1917 11,
1679 1875 1775 1911 862:

206 1941 335 1974 pacem
363 1932 401 1965 te
430 1931 637 1976 poscimus:
668 1931 906 1976 saepiusque.
963 1930 1093 1976 Georg.
1115 1931 1150 1971 3,
1174 1931 1263 1965 456.

342 1984 469 2031 Neque
508 1984 615 2020 aliter
651 1995 725 2020 rem
764 1985 927 2020 instituit
963 1984 1178 2030 Propertius
1216 1985 1254 2020 in
1294 1984 1562 2019 accusativo
1592 1984 1773 2029 praedi-

205 2039 373 2080 cativo,
406 2039 470 2084 qui
498 2041 670 2076 vocatur:
712 2039 836 2084 Prop.
859 2039 919 2079 III,
948 2039 1006 2080 17,
1029 2039 1097 2076 41:
1141 2041 1183 2074 tu
1211 2039 1322 2074 modo
1351 2049 1511 2073 vacuum
1541 2049 1598 2073 me
1627 2038 1773 2079 siste:

205 2093 250 2126 cf.
272 2093 342 2127 Cic.
362 2093 438 2129 Att.
464 2093 522 2134 10,
550 2093 610 2131 16.
634 2093 674 2130 6:
717 2095 753 2127 te
782 2095 954 2138 vegetum
984 2093 1091 2128 nobis
1120 2093 1157 2128 in
1179 2092 1335 2128 Graecia
1355 2091 1457 2128 siste.
1494 2092 1591 2128 Raro
1612 2092 1774 2138 agendi

205 2157 353 2192 quoque
381 2148 535 2182 verbum
550 2147 786 2192 coniungitur
805 2158 888 2182 cum
908 2147 1127 2183 accusativo
1148 2146 1287 2192 duplici
1303 2157 1327 2181 a
1345 2146 1621 2191 posterioribus.
1664 2146 1771 2192 Prop.

206 2200 238 2234 11
261 2201 322 2242 30,
346 2201 413 2238 32:
443 2202 649 2236 communis
678 2202 810 2247 culpae
847 2212 912 2236 cur
939 2212 1026 2236 reus
1055 2212 1154 2236 unus
1184 2201 1301 2245 agor?
1358 2200 1402 2235 cf.
1424 2200 1493 2236 Ov.
1514 2212 1569 2246 ep.
1594 2201 1654 2242 14,
1680 2201 1771 2242 120:

204 2254 294 2289 Liv.
315 2254 377 2295 24,
401 2255 470 2296 25;
501 2256 601 2290 Suet.
623 2255 750 2290 Claud.
772 2256 835 2292 29.
857 2275 912 2279 —
930 2255 1071 2290 Afferre
1101 2255 1259 2300 denique
1287 2254 1378 2289 libet
1404 2254 1502 2289 hunc
1531 2265 1642 2290 usum
1670 2255 1773 2290 verbi

204 2308 416 2350 faciendi,
462 2310 586 2354 qualis
629 2311 688 2344 est
734 2320 793 2354 ap.
824 2309 894 2344 Cic.
925 2310 973 2344 ad
992 2310 1068 2344 Att.
1100 2309 1135 2352 3,
1157 2309 1192 2349 8,
1216 2308 1258 2345 2;
1301 2308 1417 2343 vitam
1459 2309 1638 2354 reliquam
1680 2308 1773 2343 facit

220 2377 274 2392 =
301 2362 498 2408 relinquit).
555 2363 600 2398 cf.
630 2363 826 2407 Draeger
873 2361 916 2397 1²
946 2363 1024 2398 383
1073 2363 1117 2397 de
1163 2362 1235 2396 Cic.
1269 2362 1308 2396 in
1350 2374 1429 2407 epp.
1465 2364 1503 2397 et
1545 2363 1653 2408 prise.
1687 2373 1771 2397 usu.

200 2415 470 2461 Degenhart,
515 2417 560 2452 de
589 2417 753 2452 auctoris
788 2418 821 2452 b.
843 2417 945 2463 Hisp.
975 2417 1065 2452 elec.
1095 2417 1133 2451 et
1160 2415 1233 2451 fide
1262 2416 1347 2453 hist.
1377 2427 1411 2462 p.
1433 2416 1467 2452 5.
1524 2416 1768 2462 Landgraf,

202 2470 369 2506 Bemerk.
399 2481 482 2506 zum
517 2483 636 2507 sermo
672 2471 781 2507 cotid.
811 2472 834 2508 i.
863 2472 896 2507 d.
922 2472 1030 2508 Brief.
1052 2471 1121 2506 Cic.
1152 2481 1186 2505 u.
1207 2482 1256 2506 an
1286 2471 1421 2512 Cicero,
1453 2471 1475 2507 i.
1495 2471 1549 2506 Bl.
1569 2472 1593 2506 f.
1615 2472 1648 2506 d.
1668 2472 1769 2517 bayr.

201 2524 494 2570 Gymn.-Wesen
528 2526 641 2567 1880,
676 2527 724 2561 16
755 2537 790 2571 p.
811 2527 900 2561 326.
948 2526 1029 2560 Huc
1058 2525 1203 2560 faciunt
1222 2525 1260 2559 hi
1288 2525 1359 2560 loci
1379 2525 1623 2570 Propertiani:
1652 2525 1684 2560 11
1708 2525 1767 2566 18,

201 2579 243 2617 6:
287 2581 325 2614 et
351 2578 493 2614 faceret
520 2580 662 2615 scissas
691 2591 807 2625 genas
838 2577 877 2629 (i.
899 2591 945 2617 e.:
988 2579 1197 2625 scinderet):
1234 2579 1266 2614 11
1288 2580 1352 2619 30,
1378 2580 1443 2617 18:
1480 2579 1605 2625 turpia
1632 2579 1771 2614 faceret

202 2644 270 2668 ora
299 2633 333 2679 (i.
355 2645 403 2680 e.;
431 2635 618 2679 turparet).
676 2634 780 2674 1118,
804 2634 844 2670 8;
873 2634 934 2668 fac
963 2635 1114 2678 pectora
1142 2634 1243 2668 nuda
1272 2633 1306 2678 (i.
1328 2645 1373 2670 e.:
1404 2634 1527 2679 nuda).
1575 2634 1619 2667 cf.
1640 2633 1766 2671 11122.

200 2686 268 2724 38:
298 2686 420 2721 valuit
448 2697 601 2721 curvare
622 2713 629 2721 .
650 2714 657 2722 .
679 2714 686 2722 .
712 2689 749 2722 et
777 2688 955 2722 curvatas
977 2685 1130 2733 (facere).
1170 2686 1198 2722 E
1218 2686 1341 2722 verbis
1358 2686 1535 2722 dicendi
1555 2686 1713 2733 denique
1732 2688 1770 2721 et

199 2741 494 2776 existimandi
514 2741 605 2776 haec
626 2742 793 2777 omittere
813 2742 917 2778 nolo:
947 2742 961 2776 I
982 2741 1018 2782 6,
1032 2742 1072 2778 9:
1102 2741 1166 2776 illa
1185 2752 1305 2776 meam
1325 2742 1413 2776 mihi
1432 2742 1507 2776 iam
1527 2752 1568 2776 se
1588 2742 1769 2786 denegat
