1896 3179
810 128 1053 164 —81

146 236 349 273 conferrem
379 236 411 272 si
441 236 528 272 mihi
558 236 764 283 contigerit.
805 237 901 273 satis
930 236 1132 284 profecisse
1161 237 1250 274 mihi
1279 237 1406 274 videor
1434 248 1510 273 non
1537 237 1712 285 ignorans

147 303 204 326 me
232 302 308 327 rem
336 291 507 327 omnibus
538 291 706 337 partibus
736 292 930 328 absolvere
960 303 1035 328 non
1063 292 1243 338 potuisse.

279 347 429 382 Praeter
456 345 637 381 editiones
648 343 676 393 ¹)
705 346 745 381 hi
772 346 855 382 libri
869 345 895 393 ²)
925 347 1098 392 spectant
1126 347 1174 382 ad
1202 348 1322 383 totam
1351 347 1711 383 commentationem:

283 400 308 435 S
319 411 339 435 c
349 400 374 435 h
384 411 420 436 m
431 400 506 436 alz
518 426 526 441 ,
557 400 792 436 Lateinische
807 400 1047 441 Grammatik,
1064 401 1210 446 Syntax
1229 402 1305 437 und
1321 400 1533 448 Stilistik(1.
1549 400 1708 443 Mueller,

148 454 353 490 Handbuch
383 454 415 489 II
437 452 489 495 23.
521 454 702 490 Miinchen
726 454 853 501 1900),
886 465 994 501 quem
1015 455 1146 490 librum
1165 455 1204 490 in
1224 466 1344 491 rerum
1374 455 1618 502 dispositione
1636 455 1711 491 iere

147 511 300 544 secutus
329 519 422 544 sum.

282 563 511 609 Draeger,
557 563 788 599 Historische
818 563 962 609 Syntax
997 563 1060 598 der
1095 563 1338 600 lateinischen
1377 564 1537 611 Sprache
1551 561 1566 584 ²
1597 564 1710 600 1878.

282 617 529 658 Schafler,
561 617 628 652 Die
658 628 784 663 sogen.
804 617 1086 663 syntaktischen
1111 617 1326 652 Gracismen
1354 619 1413 653 bei
1443 619 1513 654 den
1533 619 1710 663 auguste-

147 671 273 707 ischen
301 671 485 706 Dichtern.
542 671 639 706 Diss.
682 671 864 706 Msinchen
897 671 1010 706 1884.

280 725 501 771 Wagner,
533 725 587 760 De
615 726 767 771 syntaxi
795 725 1046 771 Propertiana.
1103 726 1227 771 Progr.
1270 725 1418 761 Passau
1451 726 1564 763 1888.

279 779 424 825 Leky,
455 779 507 814 De
537 780 689 825 syntaxi
718 779 935 825 Apuleiana.
978 779 1075 815 Diss.
1119 779 1278 815 Monast.
1303 779 1416 816 1908.

279 833 322 869 In
350 834 473 880 prisco
503 835 540 869 et
567 834 711 879 vulgari
749 844 917 869 sermone
954 834 1242 870 demonstrando
1279 836 1424 879 praeter
1461 834 1707 871 Schmalzium

142 890 296 924 secutus
326 899 409 923 sum
438 888 552 924 libros
581 888 666 923 hos:
695 887 886 929 Holtze,
918 888 1096 934 Syntaxis
1125 888 1329 934 priscorum
1349 889 1473 934 script.
1492 889 1572 925 Lat.
1611 889 1708 935 Lips.

280 998 509 1044 Lindsay,
541 999 684 1043 Syntax
714 998 753 1032 of
780 998 948 1032 Plautus.
1008 998 1087 1032 Oxf.
1113 998 1225 1033 1907.

281 1051 447 1098 Denique
476 1051 638 1098 profero:

176 1152 179 1155 ἱ
279 1106 514 1152 Merguet,
554 1105 813 1142 Handlexikon
853 1117 899 1141 zu
938 1106 1073 1148 Cicero,
1105 1106 1224 1152 Leipz.
1250 1106 1363 1148 1905,
1404 1109 1442 1142 et
1468 1106 1632 1143 Lexikon
1661 1118 1708 1142 zu

143 1160 214 1194 den
243 1160 571 1205 philosophischen
599 1160 782 1195 Schriften
817 1160 973 1200 Ciceros,
1010 1160 1105 1195 Jena
1128 1160 1244 1200 1887,
1281 1170 1376 1206 quos
1405 1160 1519 1195 libros
1548 1160 1705 1206 inspexi,

142 1213 177 1249 si
204 1213 386 1249 interdum
414 1224 488 1249 non
516 1215 593 1249 tam
622 1211 731 1250 facile
751 1214 908 1249 discerni
928 1215 1083 1260 poterat,
1106 1224 1203 1260 quae
1223 1213 1460 1250 abhorrerent
1479 1225 1503 1249 a
1522 1214 1707 1250 Ciceronis

145 1269 316 1304 dictione.

280 1323 418 1363 Cetera,
459 1334 554 1368 quae
592 1325 660 1357 aut
687 1323 735 1357 ad
764 1323 930 1368 Properti
967 1325 1035 1357 aut
1076 1323 1232 1357 aliorum
1271 1333 1475 1358 sermonem
1512 1323 1704 1369 pertinent,

144 1376 305 1422 singulis
334 1377 426 1413 locis
455 1377 574 1412 attuli.

278 1432 399 1476 Atque
428 1432 475 1466 ad
504 1433 731 1476 postremum
760 1432 819 1466 hic
847 1432 944 1466 addo
972 1432 1077 1466 locos
1096 1431 1361 1476 Propertianos
1390 1442 1447 1466 me
1467 1431 1641 1466 attulisse
1660 1442 1706 1466 ex

143 1484 305 1521 editione
325 1485 538 1527 Baehrensi,
569 1485 781 1532 plerumque
810 1486 934 1521 autem
960 1485 1054 1521 satis
1090 1496 1145 1521 me
1165 1484 1344 1521 habuisse
1364 1485 1508 1532 aliquot
1529 1485 1705 1531 exemplis

141 1539 270 1574 allatis
298 1540 484 1574 illustrare
512 1550 622 1574 usum
650 1540 942 1584 Propertianum.

276 1655 297 1696 ¹)
314 1655 463 1688 Maximo
480 1665 558 1688 cum
574 1655 686 1688 fructu
702 1655 843 1688 adhibui
859 1655 942 1688 Rot
954 1655 1120 1688 hsteini
1136 1655 1322 1688 editionem
1339 1654 1463 1696 (Berlin
1481 1653 1586 1696 1898).
1604 1654 1705 1688 Prae-

142 1701 239 1731 terea
254 1698 308 1730 his
323 1708 407 1731 usus
429 1708 519 1731 sum:
543 1698 576 1731 J.
593 1698 796 1735 Broukhusi,
813 1698 981 1731 Amsterd.
1003 1698 1100 1738 1727;
1125 1698 1336 1740 Hertzbergi‚
1353 1697 1448 1730 Halis
1466 1697 1505 1730 B.
1521 1697 1588 1736 1,11
1603 1697 1704 1737 18433

140 1741 186 1774 111
203 1740 302 1781 18453
326 1741 461 1775 Aemilii
484 1741 666 1781 Baehrens,
691 1741 825 1784 Lipsiae
850 1741 951 1782 1880;
974 1741 1121 1775 Joannis
1145 1741 1179 1775 S.
1196 1740 1403 1780 Phillimore,
1428 1741 1562 1774 Oxonii.

272 1785 296 1823 ¹)
320 1785 421 1826 Quod
443 1784 580 1834 scripsit
600 1784 629 1817 Ε
641 1785 662 1817 d
675 1794 739 1817 wa
751 1795 768 1816 r
781 1785 803 1817 d
815 1795 832 1817 s
854 1785 930 1826 (Die
950 1784 1214 1826 syntaktischen
1238 1784 1438 1818 Gricismen
1461 1784 1514 1817 bei
1544 1784 1704 1826 Properz,

140 1827 233 1860 Geni
249 1827 354 1869 1889),
379 1837 537 1870 quamws
560 1837 698 1870 operam
721 1827 881 1866 dederim,
904 1827 1044 1871 adipisci
1068 1838 1137 1861 non
1160 1827 1269 1870 potui.
