1896 3179
900 147 1172 186 ...45-

257 259 306 294 III
331 260 363 300 1,
388 260 427 301 3;
467 259 584 300 1129,
610 259 657 294 17
671 273 679 307 3
716 259 764 294 IV
785 259 820 300 2,
844 259 906 294 41.
935 279 990 285 -
1018 259 1060 294 In
1088 269 1256 294 sermone
1284 258 1468 300 familiari,
1499 259 1696 305 praecipue
1724 259 1825 305 apud
1875 298 1879 301 ,

256 314 481 360 posteriores
520 314 749 360 praepositio
791 311 884 362 „de“
926 314 1126 350 coniuncta
1162 324 1246 349 cum
1279 312 1445 350 ablativo
1483 313 1602 359 magis
1630 312 1823 360 magisque

256 368 456 414 genetivi
476 368 600 404 vices
627 370 751 403 tenere
770 367 930 410 videtur,
950 368 1128 415 imprimis
1147 367 1309 413 genetivi
1328 367 1505 414 partitivi.
1552 367 1597 403 cf.
1618 367 1823 403 Schmalz

255 434 290 468 p.
312 422 401 463 271,
428 422 514 457 125.
562 422 616 457 De
644 421 769 457 Plauti
797 432 872 457 usu
899 434 934 458 v.
963 422 1156 468 Draeger
1182 420 1217 457 1²
1238 421 1327 457 628.
1375 420 1511 468 (Cicero
1530 421 1641 457 certis
1660 422 1699 457 in
1717 421 1823 457 locu-

253 476 422 511 tionibus
452 476 587 522 habet.)
616 496 669 501 ——
698 476 806 522 Prop.
824 475 840 510 I
861 476 897 517 5,
919 476 987 511 26:
1017 487 1128 522 quam
1147 476 1221 511 cito
1241 477 1286 511 de
1304 478 1413 511 tanto
1431 475 1579 511 nomine
1597 485 1723 511 rumor
1740 475 1823 510 eris.

257 531 308 565 IV
335 531 368 572 1,
394 530 489 566 133:
520 541 644 576 pauca
672 541 743 566 suo
772 530 818 566 de
847 530 1018 567 carmine.
1057 529 1232 566 Similiter
1250 530 1321 566 hac
1340 529 1617 577 praepositione
1636 529 1825 576 significat

256 585 434 626 ordinem,
465 585 502 619 in
531 595 605 630 quo
635 585 721 630 quis
750 585 945 630 ponendus
974 585 1040 623 sit:
1069 584 1185 624 1124.
1208 585 1279 620 30:
1308 584 1378 620 tibi
1406 585 1451 620 de
1478 585 1618 620 timidis
1637 584 1709 619 iste
1737 595 1823 630 pro-

255 641 386 674 tervus
415 639 493 674 erit.
531 659 585 664 —
621 638 767 674 Sensu
795 638 964 674 modali
993 640 1152 685 usurpat
1178 638 1274 674 hanc
1302 638 1616 685 praepositionem
1644 638 1676 674 11
1696 638 1732 681 3,
1758 638 1822 673 13;

257 694 303 729 de
340 704 442 730 more
482 693 650 740 (saepius
689 693 790 740 apud
828 695 962 740 poetas
1002 696 1040 730 et
1076 694 1321 742 posteriores3
1369 694 1413 729 cf.
1451 693 1647 739 Draeger
1685 691 1725 729 1²
1743 690 1822 729 630

255 746 390 796 §2842
414 748 461 795 6).
511 748 601 783 Cum
629 748 712 783 loco
742 748 775 783 II
800 749 860 789 16,
884 748 954 784 52:
997 759 1088 797 „nec
1117 748 1170 784 sic
1199 749 1243 783 de
1271 748 1388 783 nihilo
1415 748 1583 783 fulminis
1612 748 1668 783 ira
1697 745 1820 783 cadit“

254 803 334 838 iure
362 813 579 848 comparare
607 802 696 838 mihi
724 803 855 838 videor
882 803 1039 838 similem
1068 803 1290 839 comicorum
1317 813 1440 843 usum,
1470 804 1532 840 ut:
1569 802 1690 838 Plaut.
1720 801 1823 837 Curc.

254 856 350 892 478:
390 857 454 902 qui
483 857 592 892 alteri
620 857 666 892 de
694 857 771 892 nilo
810 857 988 892 audacter
1016 858 1146 892 dicunt
1173 857 1442 892 contumeliam.
1491 857 1536 893 cf.
1565 857 1690 891 Hand
1718 856 1822 891 Turs.

256 911 288 946 11
311 910 411 959 2193
447 911 566 957 Leky
596 922 630 957 p.
651 911 714 947 29.
761 911 930 957 Denique
967 912 1150 947 sermonis
1186 911 1380 947 familiaris
1409 922 1520 946 usum
1550 912 1703 946 secutus
1732 910 1823 946 Pro-

256 966 400 1011 pertius
438 966 534 1000 hanc
572 966 887 1011 praepositionem
934 976 1139 1011 usurpasse
1178 966 1323 1001 videtur
1361 976 1428 1011 pro
1468 965 1629 1000 dictione
1675 965 1823 1014 „quod

258 1017 476 1062 attinet“,
509 1020 609 1066 quod
637 1021 738 1066 apud
766 1022 898 1066 poetas
929 1020 1102 1062 comicos,
1135 1020 1206 1056 Cic.
1227 1021 1266 1055 in
1285 1031 1366 1066 epp.
1386 1022 1423 1055 et
1451 1019 1600 1066 scriptis
1625 1019 1821 1065 prioribus,

256 1073 403 1109 Livium
432 1075 585 1120 saepius
614 1074 811 1110 invenitur.
859 1074 905 1109 cf.
934 1074 1130 1119 Draeger
1157 1073 1198 1109 1¹
1217 1074 1306 1110 631.
1335 1095 1388 1100 —
1417 1074 1522 1120 Prop.
1541 1074 1574 1109 Π
1597 1074 1657 1116 18,
1679 1074 1748 1112 29:
1777 1074 1822 1108 de

256 1139 326 1170 me,
357 1129 446 1163 mihi
475 1130 572 1164 certe
600 1128 740 1173 poteris
768 1128 936 1163 formosa
953 1128 1088 1176 videri3
1117 1128 1180 1171 32,
1203 1129 1274 1164 21:
1304 1129 1369 1164 sed
1399 1129 1444 1163 de
1463 1139 1521 1164 me
1540 1128 1662 1164 minus
1682 1130 1749 1163 est.
1768 1148 1824 1153 —

256 1182 366 1218 Haud
395 1182 474 1218 scio
503 1193 552 1217 an
580 1184 623 1217 ut
641 1184 776 1228 poetae
796 1182 937 1223 comici,
959 1182 1125 1224 Ovidius,
1157 1183 1453 1229 posterioresque
1482 1193 1618 1218 sensu
1646 1182 1823 1218 causali

255 1248 405 1283 quoque
434 1237 611 1272 adhibeat
637 1237 734 1272 hanc
764 1237 1086 1283 praepositionem.
1127 1237 1172 1272 cf.
1191 1237 1310 1283 Leky
1328 1249 1362 1283 p.
1380 1237 1452 1285 283
1480 1237 1673 1283 Draeger
1692 1235 1729 1272 1²
1743 1237 1821 1272 630

255 1290 279 1339 ξ
301 1291 390 1333 286,
415 1293 437 1327 7
446 1305 455 1338 3
497 1312 546 1317 ———
576 1291 701 1336 Prop.
732 1291 846 1332 1120,
870 1291 913 1326 3:
944 1291 1087 1337 quidve
1110 1302 1193 1326 mea
1220 1292 1264 1326 de
1293 1291 1422 1327 fraude
1451 1292 1553 1333 deos,
1584 1291 1730 1333 insana,
1761 1292 1820 1326 fa—

254 1346 381 1391 tiges‘.>
429 1346 479 1380 IV
502 1346 561 1386 11,
586 1346 656 1380 81:
687 1348 748 1380 sat
776 1346 844 1380 tibi
873 1346 950 1380 sint
977 1348 1118 1387 noctes,
1151 1356 1247 1391 quas
1276 1346 1321 1381 de
1350 1357 1417 1387 me,
1449 1345 1590 1387 Paulle,
1620 1346 1766 1391 fatiges.

970 1456 1009 1496 E,
1041 1456 1112 1490 Ex:

383 1520 739 1565 Significantius
770 1520 859 1556 dicit
886 1520 1102 1566 Propertius
1133 1520 1190 1566 (cf.
1217 1521 1429 1566 Spandau
1448 1532 1481 1566 p.
1497 1520 1584 1567 43):
1613 1521 1645 1556 ΙΙ
1670 1521 1729 1562 12,
1757 1521 1821 1556 10:

257 1574 432 1619 pharetra
450 1585 495 1609 ex
514 1585 643 1609 umero
663 1576 822 1620 utroque
842 1575 954 1621 iacet;
975 1574 1144 1610 similiter
1167 1575 1216 1610 IV
1236 1575 1273 1616 6,
1294 1576 1364 1623 403
1397 1575 1456 1616 10,
1482 1575 1541 1610 11.
1561 1595 1616 1600 -
1635 1575 1821 1610 Sermonis

257 1628 453 1664 familiaris
496 1630 556 1664 est
595 1628 803 1664 ablativo
847 1629 962 1664 modi
1005 1640 1082 1674 per
1123 1629 1454 1665 abundantiam
1492 1629 1626 1665 addere
1664 1640 1821 1675 praepo—

256 1683 428 1718 sitionem
460 1680 577 1731 „ex“;
607 1682 651 1717 cf.
680 1683 798 1728 Leky
827 1694 861 1728 p.
882 1683 944 1719 27.
972 1703 1027 1708 —
1055 1684 1177 1729 Prop.
1198 1683 1325 1724 11117,
1345 1684 1414 1719 15:
1444 1695 1490 1718 ex
1510 1684 1647 1719 ordine.
1685 1684 1821 1719 Eadem

255 1737 484 1782 praepositio
523 1747 639 1771 sensu
676 1737 819 1772 causali
849 1737 949 1772 dicta
978 1739 1037 1772 est
1073 1737 1106 1772 11
1135 1738 1167 1779 1,
1191 1737 1262 1775 50:
1293 1739 1329 1772 et
1356 1740 1474 1773 totam
1504 1748 1550 1772 ex
1577 1737 1719 1773 Helena
1746 1748 1822 1773 non

255 1791 389 1837 probat
416 1791 555 1839 Iliada3
584 1791 628 1827 cf.
658 1791 799 1827 Plaut.
829 1791 924 1827 Trin.
950 1791 1072 1828 1049:
1103 1791 1239 1839 quippe
1259 1803 1385 1828 eorum
1404 1803 1450 1828 ex
1468 1792 1615 1839 ingenio
1634 1792 1820 1839 ingenium

254 1847 385 1882 horum
415 1847 583 1892 probant.
628 1846 795 1892 Denique
824 1847 1173 1883 instrumentum
1202 1847 1436 1893 significatur
1454 1848 1526 1883 hac
1544 1847 1821 1894 praepositione

254 1903 298 1936 ut
325 1901 363 1936 in
392 1911 560 1937 sermone
588 1901 745 1947 vulgari,
775 1901 972 1948 praecipue
993 1902 1101 1948 ‘apud
1129 1902 1365 1948 posteriores.
1403 1922 1457 1928 -
1494 1902 1620 1948 Prop.
1650 1902 1701 1937 IV
1720 1902 1756 1944 3,
1779 1904 1819 1938 4:

254 1956 348 1991 haec
377 1956 447 1991 erit
474 1968 494 1991 e
522 1956 683 1991 lacrimis
712 1956 817 1991 facta
844 1956 958 1991 litura
985 1956 1087 1991 meis.
1140 1957 1185 1992 cf.
1211 1959 1309 1992 auct.
1336 1958 1368 1992 b.
1394 1955 1473 1993 Afr.
1500 1957 1567 1991 46:
1604 1968 1681 2002 qua
1708 1968 1753 1992 ex
1782 1968 1820 1992 re

255 2012 483 2058 commotus3
515 2010 577 2052 57,
601 2011 672 2058 723
701 2010 793 2046 Gell.
814 2010 879 2044 VII
900 2011 935 2052 3,
958 2010 1030 2058 473
1059 2011 1159 2045 Lact.
1186 2011 1201 2045 Ι
1222 2011 1258 2052 9,
1281 2011 1315 2046 6.

973 2118 1066 2153 Prae
1077 2132 1085 2156 :

383 2183 487 2218 Certe
525 2183 699 2218 abhorret
735 2184 784 2218 ab
823 2183 1047 2229 optimorum
1087 2183 1307 2229 scriptorum
1342 2183 1512 2225 dictione,
1545 2184 1820 2229 praepositione

260 2234 396 2285 „prae“
420 2237 459 2271 in
479 2237 728 2272 sententiis
749 2237 1054 2273 affirmativis
1080 2237 1290 2282 significare
1310 2248 1500 2272 causam.
1549 2238 1594 2273 cf.
1615 2238 1819 2273 Schmalz

256 2302 290 2336 p.
312 2290 403 2331 273,
429 2291 520 2338 1293
548 2291 705 2326 Holtze
735 2291 862 2333 1345,
883 2291 960 2339 4c;
1000 2292 1196 2337 Draeger
1232 2289 1271 2326 1²
1292 2291 1388 2339 6413
1415 2291 1611 2338 Lindsay
1630 2303 1665 2338 p.
1682 2292 1743 2334 35.
1766 2293 1815 2328 61

256 2347 294 2380 et
323 2344 385 2379 90.
438 2344 555 2391 Leky
598 2357 632 2391 p.
660 2347 732 2394 273
770 2346 1046 2387 Thielmann,
1088 2345 1313 2381 Stilistische
1348 2345 1626 2391 Bemerkungen
1663 2358 1711 2382 zu
1748 2347 1819 2382 den

252 2399 550 2444 Jugendwerken
588 2399 751 2442 Ciceros,
797 2400 1010 2436 Zeitschrift
1036 2401 1060 2435 f.
1090 2401 1124 2435 d.
1154 2401 1256 2446 bayr.
1286 2400 1415 2445 Gymn.
1450 2400 1564 2439 1880.
1601 2401 1647 2436 16
1683 2413 1717 2447 p.
1739 2401 1817 2436 355

253 2454 298 2488 de
327 2454 426 2488 auct.
447 2453 495 2487 ad
514 2453 596 2488 Her.
625 2473 678 2478 --
707 2454 869 2489 Eundem
897 2465 1006 2489 usum
1035 2454 1198 2489 fortasse
1226 2454 1340 2489 habet
1367 2454 1581 2500 Propertius
1608 2455 1641 2490 Π
1661 2455 1724 2497 26,
1750 2455 1818 2493 15:

252 2518 340 2553 prae
360 2507 504 2543 invidia
523 2505 639 2552 (praez
668 2507 793 2556 DVF3
821 2509 888 2546 ob:
916 2508 950 2543 N
955 2508 1034 2556 Lv3
1063 2508 1255 2544 decernere
1274 2518 1415 2557 vereor3
1435 2508 1526 2544 illud
1545 2509 1583 2544 in
1603 2511 1818 2545 contextum

247 2562 386 2607 recepit
414 2559 637 2610 Baehrens).3

992 2639 1064 2674 Pro
1077 2652 1084 2676 ε

378 2703 426 2738 Ut
458 2703 684 2738 recentiores
713 2702 769 2749 (cf.
800 2704 1002 2739 Schmalz
1030 2715 1064 2750 p.
1086 2704 1177 2745 273,
1203 2703 1303 2749 130).
1333 2704 1388 2739 ita
1414 2704 1488 2739 iam
1507 2704 1723 2750 Propertius
1741 2705 1816 2740 for-

253 2758 359 2793 tasse
387 2756 665 2803 praepositione
698 2754 812 2805 „pro“
845 2768 982 2794 sensu
1009 2757 1142 2794 finali
1170 2757 1307 2795 utitur:
1345 2758 1378 2793 ΙΙ
1398 2758 1461 2800 28,
1484 2758 1555 2794 43:
1585 2769 1651 2804 pro
1679 2758 1818 2805 quibus
