1896 3179
213 311 435 346 Insolentior
461 311 522 347 ille
550 323 643 348 usus
678 314 746 355 est,
777 324 851 360 quo
875 312 1090 360 Propertius
1118 322 1244 359 appo
1256 312 1492 347 sitionem
1535 321 1640 346 sen-

76 365 270 401 tentiae
297 365 545 402 relativae
573 367 857 414 anteponit,
887 379 963 404 non
981 367 1121 410 inserit,
1143 367 1208 414 qui
1227 378 1321 403 usus
1339 377 1424 402 raro
1452 365 1639 401 invenitur

78 420 179 466 apud
205 419 350 455 Livium
378 422 417 455 et
441 420 630 463 Velleium,
651 413 837 458 ‘usitatior
863 424 989 458 autem
1015 422 1062 458 fit
1089 422 1332 469 scriptoribus
1360 421 1451 467 hist.
1470 421 1564 466 Aug.
1584 439 1639 445 -—

78 474 298 510 Schmalz
326 485 361 520 p.
382 475 471 517 372,
494 475 584 512 280.
639 477 712 512 Sed
753 477 865 512 etiam
903 477 1115 523 Propertius
1151 476 1227 512 tale
1264 477 1378 512 habet
1413 474 1638 521 exemplum:

77 528 110 563 II
130 528 167 571 3,
188 528 257 565 21:
299 531 337 564 et
373 540 445 564 sua
481 530 676 566 committit
704 531 853 578 scripta.
895 531 1074 573 carmina,
1115 542 1212 577 quae
1250 531 1375 577 quivis
1412 540 1489 565 non
1527 530 1638 576 putat

43 616 46 619 .
77 593 201 629 aequa
228 594 320 619 suis.
554 591 557 595 ⁴
1565 605 1567 607 -

214 637 254 672 si
283 639 586 674 sententiam
624 639 889 675 relativam
917 640 1101 686 particula
1129 642 1167 675 et
1203 639 1518 686 appositioni
1552 639 1638 674 ad·-

76 703 101 727 n
112 703 131 728 e
142 691 251 734 etit,
268 703 427 738 quacum
446 694 573 729 eodem
593 694 718 730 ordine
737 696 806 736 est,
827 694 990 740 optimus
1009 694 1167 741 quisque
1186 694 1342 740 scriptor
1360 693 1637 730 coniunctivum

77 746 219 795 scribit3
248 747 470 793 posteriores
499 750 623 784 autem
650 749 833 784 interdum
860 749 1102 784 indicativum
1130 748 1305 790 scribunt,
1337 751 1449 795 atque
1477 748 1634 794 primum

75 801 124 841 id.
140 801 262 837 facere
290 802 456 838 affirmat
482 803 712 839 Schmalzius
741 802 902 838 Statium
930 813 964 848 p.
986 802 1076 844 374,
1099 802 1194 851 2843
1229 802 1328 838 hunc
1361 805 1486 838 autem
1522 813 1633 838 usum

75 856 150 891 iam
177 856 390 902 Propertius
419 852 543 904 aliquo
572 858 682 893 modo
710 868 931 903 praeparare
960 857 1049 892 mihi
1075 857 1222 900 videtur
1249 857 1319 892 hoc
1345 857 1444 893 loco:
1473 858 1543 899 14,
1567 857 1631 893 12:

76 912 166 946 sunt
192 911 334 946 maiora
354 939 361 947 .
382 939 390 947 .
410 922 435 947 .:
463 912 646 957 ingenuus
674 912 784 952 color,
808 913 845 946 et
862 911 990 946 multis
1010 911 1123 946 decus
1143 911 1299 952 artibus,
1321 914 1356 946 et
1380 923 1476 957 quae
1494 912 1634 957 gaudia

77 965 147 1000 sub
174 965 292 1001 tacita
319 966 437 1001 dicere
464 967 570 1001 veste
597 965 698 1001 libet.

210 1019 395 1054 Interdum
422 1030 506 1065 pro
536 1019 796 1054 sententia
823 1018 1045 1054 relativa
1072 1019 1283 1064 Propertius
1304 1019 1433 1054 scribit
1452 1021 1634 1054 senten-

75 1072 194 1108 tiam
223 1073 635 1116 condicionalem,
666 1076 724 1109 ut:
753 1073 865 1115 1123,
883 1073 951 1109 23:
980 1074 1105 1109 nullus
1126 1073 1226 1109 ‘liber
1243 1073 1322 1114 erit,
1353 1074 1386 1109 si
1406 1073 1491 1119 quis
1511 1085 1634 1109 amare

74 1127 177 1162 volet
204 1126 262 1174 (cf.
281 1127 458 1176 Rothst.);
487 1128 554 1169 19,
572 1128 640 1176 263
668 1127 779 1169 1124,
796 1127 859 1162 48.
915 1128 992 1162 Iam
1029 1128 1129 1173 apud
1157 1128 1330 1162 Plautum
1367 1128 1400 1163 is
1429 1137 1522 1163 usus
1551 1138 1634 1163 esse

74 1182 228 1218 videtur.
285 1182 463 1219 Holtze
491 1182 523 1218 II
543 1182 632 1219 371.
689 1182 809 1219 Plaut.
838 1181 932 1219 Rud.
954 1182 1043 1219 373.

184 1321 234 1381 d)
270 1321 334 1371 ue
368 1321 766 1371 coniunctionibus
802 1322 844 1370 in
880 1321 1259 1371 subordinatione
1281 1321 1533 1373 adhibitis:

764 1411 797 1445 l.
827 1411 957 1456 quia:

211 1475 396 1510 Interdum
425 1486 507 1521 pro
536 1475 600 1511 illo
634 1486 758 1518 „non
786 1486 877 1521 quo
906 1495 960 1500 ——
989 1475 1055 1510 sed
1083 1476 1192 1520 quod,
1223 1486 1315 1510 non
1345 1476 1468 1520 quod
1492 1476 1632 1510 ——sed

75 1529 197 1574 quod“
228 1528 368 1578 Livius,
397 1528 556 1572 Quintil„
587 1529 750 1571 Tacitus,
780 1528 872 1563 Plin.
892 1539 972 1575 epp.
992 1529 1178 1564 scribunt:
1208 1549 1260 1554 —
1287 1539 1379 1564 non
1406 1529 1539 1574 quia,
1571 1529 1632 1563 cui

75 1583 325 1635 coniunctioni
362 1583 505 1618 addunt
542 1583 830 1625 coniunctivum,
868 1585 912 1618 ut
938 1583 1046 1629 Prop.
1065 1583 1097 1618 Π
1115 1583 1175 1625 16,
1193 1583 1254 1618 23.
1310 1583 1380 1619 Sed
1408 1582 1631 1619 insolentius

74 1637 288 1683 Propertius
317 1638 351 1673 ei
379 1637 484 1673 addit
510 1638 769 1673 indicativum:
808 1637 902 1677 111.
925 1637 989 1674 17:
1027 1648 1102 1672 non
1132 1637 1221 1683 quia
1248 1648 1321 1673 non
1349 1648 1397 1672 es
1425 1637 1514 1672 mihi
1543 1647 1632 1682 cog-

75 1692 165 1734 nita,
197 1712 249 1717 —
278 1692 342 1738 qui
361 1692 494 1727 modus
522 1692 709 1728 invenitur
741 1703 799 1738 ap.
820 1692 1027 1728 Lucretium
1056 1691 1170 1739 (113),
1210 1693 1247 1727 et
1275 1691 1373 1738 apud
1400 1691 1632 1727 recentiores.

76 1747 120 1782 cf.
141 1747 364 1781 Schmalz
393 1758 427 1792 p.
449 1747 536 1781 380.

747 1822 781 1857 2.
811 1833 833 1868 q
845 1833 966 1857 uam:

211 1888 291 1922 Uno
320 1888 401 1922 loco
430 1889 545 1932 post
576 1884 778 1934 „aliud“
810 1887 1022 1932 Propertius
1052 1888 1180 1923 scribit
1211 1883 1422 1936 „quam“:
1452 1886 1566 1928 1121,
1585 1887 1632 1921 9:

75 1941 290 1986 dispeream,
331 1941 364 1976 si
393 1941 590 1987 quicquam
619 1941 721 1976 aliud
760 1952 871 1987 quam
909 1941 1027 1986 gloria
1054 1941 1099 1976 de
1126 1943 1163 1976 te
1192 1941 1386 1987 quaerItur.
1443 1940 1542 1975 Idem
1570 1940 1627 1975 in-

73 1995 221 2030 venitur
257 2006 315 2041 ap.
345 1995 557 2035 Varronem,
596 1995 750 2035 Livium,
792 1996 886 2036 Sen.‚
928 1995 1019 2031 Plin.
1058 2006 1150 2041 epp„
1181 1995 1345 2030 Gellium.
1402 1994 1627 2029 Schmalz

74 2049 220 2095 p.·383,
243 2049 332 2084 298.

210 2104 237 2138 Ε
267 2103 488 2138 comicorum
518 2114 685 2138 sermone
703 2103 850 2148 vulgari
868 2103 906 2138 in
926 2103 1186 2139 nonnullorum
1206 2105 1395 2149 poetarum
1413 2103 1630 2147 Augusteae

74 2158 211 2192 aetatis
241 2167 443 2192 sermonem
480 2157 631 2192 transiit
665 2157 727 2192 ille
763 2168 869 2198 usus,
912 2168 985 2203 quo
1028 2186 1046 2206 „
1060 2168 1198 2203 quam
1212 2154 1231 2174 “
1272 2156 1633 2191 exclamationi

74 2211 410 2257 anteponitur.
466 2211 594 2257 Leky
635 2223 670 2256 p.
699 2211 762 2246 49.
818 2211 1024 2257 Prop.15,
1042 2211 1110 2247 26:
1157 2222 1268 2257 quam
1313 2210 1386 2246 cito
1433 2210 1477 2245 de
1523 2211 1631 2245 tanto

73 2265 219 2301 nomine
248 2275 372 2301 rumor
399 2265 486 2300 eris!
543 2265 559 2300 I
583 2265 642 2306 15,
661 2266 728 2301 33:
758 2276 869 2311 quam
898 2265 967 2301 tibi
994 2276 1041 2301 ne
1069 2260 1256 2301 vilesisti
1283 2264 1480 2300 videantur
1507 2264 1631 2300 ocelli!

73 2321 88 2355 1
113 2321 172 2363 19,
190 2321 258 2355 21:
296 2331 408 2366 quam
435 2330 576 2368 vereor,
604 2330 651 2355 ne
680 2347 688 2355 .
710 2321 762 2356 ..1
817 2320 848 2355 Π
868 2320 931 2362 26,
950 2321 990 2356 7;
1028 2331 1142 2367 quam
1168 2320 1289 2356 timui!
1346 2319 1390 2354 cf.
1411 2319 1514 2355 Ovid.
1543 2321 1630 2361 met,

73 2375 122 2409 IX
139 2375 230 2411 475.
285 2374 414 2420 Leky
455 2373 503 2420 (p.
530 2373 596 2420 50)
640 2376 832 2420 comparat
871 2374 976 2409 illum
1017 2375 1150 2421 Apulei
1191 2385 1310 2415 usum,
1355 2383 1431 2420 quo
1478 2374 1632 2419 saepius

74 2429 356 2475 particulae
388 2459 407 2478 „
421 2440 560 2475 quam
575 2426 594 2446 “
626 2428 954 2474 subiungitur
981 2429 1320 2477 coniunctivus
1339 2428 1630 2475 potentialis,

73 2495 156 2519 cum
187 2482 346 2532 „quam“
379 2484 547 2529 sequitur
565 2484 868 2530 comparativum.
901 2494 984 2518 cum
1013 2485 1232 2519 comicorum
1260 2493 1344 2518 11311.
1382 2483 1483 2518 Idem
1504 2483 1633 2519 scribit

73 2538 301 2585 Propertius:
336 2537 421 2580 119,
439 2537 507 2573 49’;
549 2548 625 2573 non
668 2538 714 2573 ob
757 2532 871 2586 regna
911 2537 1031 2584 magis
1074 2538 1163 2573 diris
1204 2536 1364 2573 cecidere
1407 2537 1478 2573 sub
1521 2537 1633 2573 armis

72 2593 248 2635 Thebani,
292 2603 404 2639 quam
433 2619 441 2628 .
462 2619 470 2628 .
491 2620 499 2628 .
533 2595 685 2628 mortem
727 2603 795 2638 ego
837 2603 913 2628 non
940 2593 1098 2641 fugiam3
1140 2592 1252 2634 1115,
1276 2591 1348 2628 31:
1389 2594 1490 2628 terra
1526 2592 1629 2639 prius

73 2646 222 2682 deludet
263 2649 301 2682 et
343 2646 453 2681 citius
497 2646 562 2682 Sol
600 2646 759 2692 agitabit
804 2656 921 2692 equos
962 2646 1190 2693 fluminaque
1235 2646 1413 2692 incipient
1457 2656 1632 2681 revocare

71 2701 233 2748 liquores
263 2728 271 2736 .
292 2730 299 2738 .
320 2728 339 2743 .,
371 2711 484 2747 quam
512 2701 654 2748 possim
674 2728 682 2737 .
703 2726 739 2745 ·-.·
758 2700 975 2750 transferre3
994 2701 1054 2737 -III
1076 2700 1135 2742 19,
1154 2700 1194 2736 5:
1221 2700 1376 2736 flamma
1393 2700 1505 2737 citius
1525 2700 1631 2736 sede-

71 2758 143 2798 tur,
174 2766 287 2802 quam
316 2782 324 2791 .
346 2783 353 2791 .
374 2782 382 2790 .
411 2756 535 2801 possit
554 2782 562 2790 .
583 2783 591 2791 .
612 2769 637 2803 .;
671 2755 704 2790 II
724 2755 787 2797 25,
804 2755 873 2790 25:
898 2752 1014 2801 ‘prius
1053 2755 1219 2802 deposcit
1255 2756 1431 2801 praemia,
1472 2756 1631 2801 septima

73 2820 185 2857 quam
213 2812 349 2846 metam
376 2809 519 2845 triverit
547 2811 634 2845 ante
662 2811 754 2846 rota.
