1896 3179
716 95 986 133 -29-

74 204 126 252 (at
153 204 198 239 cf.
218 214 250 249 p.
276 203 347 251 13).
404 204 452 239 IV
473 204 509 246 4,
527 205 595 243 44:
623 205 791 251 improba
819 206 938 241 lecta
965 205 1151 246 ministra:
1182 205 1253 246 I7,
1273 204 1341 241 21:
1368 205 1448 238 tum
1478 213 1534 238 me
1560 213 1635 237 non

71 258 244 293 humilem
272 258 470 293 mirabere
500 270 612 304 saepe
640 262 799 304 poetam.

665 397 703 437 2.
731 397 796 438 De
824 398 1043 447 genetivo:

198 475 293 517 Quia
321 475 452 510 Hoerle
481 476 520 510 in
548 476 683 516 libello,
716 487 824 521 quem
853 488 966 522 supra
985 477 1105 518 attuli,
1133 477 1412 512 accuratissime
1431 476 1632 521 genetivi

72 529 319 565 subiectivi
347 539 457 563 usum
485 531 740 574 perscrutatus
769 532 837 570 est,
867 532 1012 575 praeter
1039 531 1104 565 illa
1122 541 1254 576 pauca,
1275 541 1372 576 quae
1391 531 1472 576 ipse
1491 530 1630 577 inveni,

72 583 309 625 enumerabo:
330 583 447 618 multa
466 585 592 618 autem
611 594 746 625 eorum,
779 594 876 630 quae
894 583 1026 620 Hoerle
1045 585 1210 630 protulit,
1237 585 1409 621 omnibus
1428 584 1631 620 latinitatis

70 637 298 682 temporibus
338 637 586 671 inveniuntur.
643 638 753 672 Velut
784 648 918 672 nomen
951 639 1180 673 abstractum
1213 640 1455 683 metonymice
1490 639 1630 673 dictum

71 690 242 737 genetivo
272 690 398 726 addito
428 691 476 725 ad
505 692 643 726 certum
672 690 823 737 aliquod
843 701 959 737 genus
979 691 1089 726 refert
1106 692 1330 737 Propertius,
1361 694 1418 728 ut:
1447 692 1542 735 111,
1560 692 1629 727 30:

70 746 196 787 Baiae,
227 746 362 780 crimen
392 746 539 787 amoris,
570 757 709 791 aquae:
745 746 776 781 11
799 746 831 787 1,
854 746 921 781 21:
950 746 1140 791 Pergama,
1170 740 1302 782 nomen
1330 747 1493 788 Homeri;
1521 747 1629 792 plura

70 800 179 836 affert
206 799 339 835 Hoerle
369 799 432 841 76,
453 800 496 835 A.
543 800 734 835 Eiusmodi
761 800 923 846 genetivi
942 811 1036 835 usus
1056 800 1116 835 hic
1136 800 1247 835 etiam
1266 801 1384 846 magis
1404 802 1452 836 ab
1472 801 1628 836 aliorum

69 866 141 890 usu
161 854 306 889 alienus
326 857 397 890 est:
417 855 448 889 Π
467 855 501 901 1,
518 854 585 891 28:
606 855 753 890 Siculae
773 855 934 890 classica
952 854 1051 890 bella
1069 855 1194 900 fugae:
1213 855 1279 903 17,
1295 855 1334 890 2:
1355 866 1458 891 arma
1476 855 1630 891 militiae

68 910 263 944 fraternae.
293 926 343 934 —-
374 909 593 944 Genetivo
622 909 888 954 possessivo
917 910 1058 954 patrem
1078 909 1217 944 indicat
1235 910 1342 954 Prop.
1363 909 1488 948 11115.
1511 909 1569 949 12,
1591 909 1628 943 id

69 963 168 1009 quod
197 962 369 997 omnibus
399 963 597 997 latinitatis
625 963 851 1008 temporibus
880 963 1074 998 invenitur.
1126 962 1346 998 Insolentior
1363 963 1423 997 hic
1442 973 1537 998 usus
1556 966 1628 997 est:

69 1016 185 1058 1134,
209 1017 277 1052 37:
310 1017 462 1051 Adrasti
490 1017 633 1051 vocalis
663 1017 778 1052 Arion
807 1018 870 1063 (sc.
899 1017 1042 1064 equus).
1098 1017 1147 1051 IV
1168 1018 1204 1058 5,
1226 1018 1292 1052 43:
1322 1017 1436 1052 Thais
1464 1018 1630 1062 pretiosa

67 1070 257 1106 Menandri
287 1069 349 1116 (sc.
369 1071 516 1118 amica);
547 1071 592 1106 de
612 1071 722 1106 simili
749 1081 822 1106 usu
842 1071 1062 1106 comicorum
1083 1070 1198 1116 (uxor,
1220 1072 1374 1119 servus),
1398 1071 1470 1107 Cic.
1489 1071 1528 1106 in
1547 1082 1627 1116 epp.

67 1125 151 1160 vide
170 1125 332 1170 Draeger
350 1123 383 1159 Ι2
397 1124 487 1160 485.
531 1126 642 1160 Recte
662 1126 697 1160 id
718 1136 866 1171 quoque
885 1136 1032 1161 monere
1051 1126 1140 1160 mihi
1159 1126 1305 1161 videtur
1324 1125 1456 1160 Hoerle
1476 1126 1629 1171 saepius

69 1179 296 1225 Propertium
316 1190 381 1225 per
399 1180 657 1215 attractionem
677 1180 897 1225 pronomina
920 1180 1012 1223 „hic,
1034 1180 1105 1221 ille,
1124 1177 1255 1215 simil.“
1279 1180 1384 1215 casui
1399 1180 1629 1215 substantivi

69 1234 357 1274 accommodare,
380 1234 438 1268 cui
460 1245 551 1269 casu
570 1234 739 1278 genetivo
760 1234 930 1269 addenda
950 1236 1068 1269 erant:
1095 1235 1203 1280 Prop.
1224 1234 1290 1275 14,
1313 1235 1377 1269 11:
1403 1234 1494 1269 haec
1507 1234 1628 1269 forma

68 1288 100 1333 (i.
122 1299 151 1323 e.
171 1287 304 1335 huius).
352 1288 384 1322 II
407 1289 439 1329 1,
463 1288 529 1324 56:
559 1299 604 1323 ex
628 1289 698 1323 hac
723 1289 848 1330 domo:
886 1288 919 1323 II
939 1289 973 1330 7,
997 1289 1064 1325 20:
1098 1289 1156 1324 hic
1177 1299 1294 1331 amor:
1330 1289 1363 1324 II
1384 1289 1446 1330 30,
1470 1288 1536 1324 34:
1566 1288 1627 1323 hic

67 1342 200 1376 chorus
230 1341 265 1387 (i.
286 1353 315 1376 e.
336 1342 494 1388 harum);
524 1342 573 1376 IV
596 1343 627 1382 1,
652 1342 718 1377 54:
747 1343 833 1377 huic
853 1342 977 1383 cineri;
1005 1363 1060 1368 —
1087 1343 1119 1377 11
1138 1342 1197 1383 12,
1219 1343 1282 1377 12:
1312 1353 1358 1377 ex
1377 1343 1441 1377 illo
1458 1342 1627 1387 vulnere3

67 1396 98 1430 ΙΙ
121 1395 181 1438 13,
204 1396 271 1430 33:
301 1395 440 1437 laurus,
477 1406 572 1441 quae
591 1398 695 1441 tegat
710 1397 844 1431 umbra
863 1395 926 1442 (sc.
946 1396 1080 1444 cuius);
1115 1398 1156 1431 at
1174 1396 1218 1431 cf.
1234 1396 1330 1431 infra
1349 1407 1383 1441 p.
1401 1396 1467 1438 76;
1489 1396 1625 1442 quibus

67 1450 257 1485 addendos
296 1450 468 1484 existimo
497 1451 566 1484 hos
595 1450 715 1485 locos:
750 1451 782 1485 11
801 1450 837 1491 8,
860 1451 927 1484 26:
957 1452 1109 1495 uterque
1139 1461 1258 1491 cruor:
1297 1451 1329 1484 II
1349 1451 1412 1490 20,
1439 1451 1502 1486 16:
1532 1451 1625 1485 cinis

66 1504 218 1549 uterque
248 1502 282 1549 (i.
303 1514 333 1538 e.
354 1503 570 1551 utriusque).
619 1504 662 1538 cf.
692 1514 807 1549 supra
834 1514 867 1548 p.
889 1504 950 1539 20.

192 1558 267 1592 Nec
296 1558 462 1592 omittere
491 1558 585 1599 licet,
618 1559 717 1602 quod
746 1559 845 1603 apud
873 1558 976 1592 illum
1004 1569 1078 1593 non
1098 1558 1233 1599 inveni,
1264 1558 1493 1603 Propertium
1513 1569 1556 1592 eo
1577 1559 1625 1592 ad

67 1611 249 1646 sermonis
288 1610 483 1645 familiaris
523 1621 640 1655 genus
669 1611 813 1645 dicendi
841 1611 1025 1652 accedere,
1067 1612 1165 1656 quod
1195 1611 1342 1645 duobus
1371 1611 1464 1645 locis
1493 1621 1624 1656 gene-

64 1665 210 1702 tivum
258 1665 402 1707 addit,
459 1676 720 1712 quamquam
767 1676 1000 1711 personam
1047 1665 1304 1711 pronomine
1351 1665 1436 1701 iam
1483 1665 1625 1711 signi-

64 1720 239 1754 ficavit.
288 1720 332 1754 cf.
363 1720 563 1754 Schmalz
592 1731 626 1764 p.
648 1720 736 1760 235,
767 1721 815 1754 57
847 1720 930 1754 adn.
951 1720 990 1760 2;
1021 1739 1071 1745 ——
1101 1720 1145 1756 cf.
1176 1720 1246 1753 Cic.
1275 1720 1361 1754 fam.
1396 1720 1455 1759 15,
1490 1720 1550 1759 13,
1587 1721 1624 1753 1:

65 1783 121 1808 me
149 1774 254 1808 tuum
285 1773 447 1808 studium
467 1773 716 1809 adulescentis
735 1772 983 1819 perspexisse:
1013 1772 1097 1810 Hor.
1117 1774 1187 1808 sat.
1209 1772 1223 1807 Ι
1239 1773 1275 1814 4,
1294 1772 1361 1808 23:
1382 1783 1465 1808 mea
1484 1772 1625 1818 scripta

66 1828 164 1872 legat
201 1829 376 1864 timentis.
433 1828 657 1871 Quibuscum
686 1838 873 1873 comparo:
902 1827 1057 1873 Prop.:
1095 1828 1144 1862 IV
1167 1828 1226 1869 10,
1250 1828 1318 1863 43:
1358 1828 1427 1863 illi
1466 1828 1624 1873 virgatis

64 1882 320 1917 iaculantis
366 1883 413 1917 ab
452 1883 596 1927 agmine
634 1882 754 1917 bracis
790 1882 935 1927 torquis
969 1883 1016 1917 ab
1055 1882 1174 1916 incisa
1212 1882 1348 1917 decidit
1384 1892 1483 1916 unca
1519 1882 1624 1927 gula:

64 1936 112 1971 IV
131 1938 166 1978 7,
192 1937 258 1972 23:
288 1939 328 1972 at
355 1937 461 1972 mihi
489 1948 563 1972 non
584 1937 713 1972 oculos
733 1937 930 1982 quisquam
949 1936 1165 1971 inclamavit
1193 1937 1354 1978 euntis;
1384 1937 1456 1972 hoc
1475 1937 1624 1982 quidem

64 1991 145 2025 loco
184 1991 312 2025 eodem
349 1991 427 2025 iure
456 1992 605 2036 propter
632 1993 786 2025 metrum
815 1990 942 2025 dativo
971 2001 1119 2035 quoque
1148 1990 1204 2024 uti
1232 1992 1395 2035 poterat;
1434 2011 1489 2016 —
1527 1993 1623 2025 certe

64 2044 279 2090 Propertius
309 2045 425 2080 multo
454 2045 658 2080 liberiorem
687 2055 795 2079 usum
824 2044 936 2079 habet
964 2055 1076 2089 quam
1104 2044 1167 2079 illi.

190 2099 267 2134 Iam
295 2099 610 2143 transgrediamur
639 2099 684 2134 ad
714 2105 853 2144 genet.
883 2098 1183 2139 definitivum,
1216 2099 1280 2144 qui
1300 2110 1504 2144 numquam
1524 2100 1623 2144 apud

65 2152 271 2188 Ciceronem
300 2156 337 2187 et
366 2153 570 2195 Caesarem,
599 2164 642 2188 eo
668 2153 818 2197 saepius
838 2153 961 2187 autem
992 2153 1090 2197 apud
1109 2153 1215 2188 Auct.
1237 2154 1270 2188 b.
1290 2154 1378 2195 Afr.,
1400 2153 1620 2193 Vitruvium,

64 2206 147 2241 inde
162 2208 209 2241 ab
225 2207 342 2242 Ennio
359 2207 458 2252 apud
473 2207 673 2242 nonnullos
689 2208 820 2252 poetas
836 2208 873 2241 et
887 2206 1111 2251 posteriores
1126 2207 1321 2242 invenitur.
1361 2208 1405 2242 cf.
1421 2208 1623 2242 Schmalz

65 2271 98 2304 p.
119 2260 210 2302 235,
233 2261 294 2296 58.
342 2261 548 2302 Koehler,
571 2262 616 2296 de
635 2263 732 2297 auct.
753 2262 785 2295 b.
805 2260 879 2294 Afr.
900 2265 937 2294 et
954 2260 1058 2305 Hisp.
1078 2261 1195 2302 latin„
1225 2262 1305 2296 Act.
1326 2262 1421 2296 Sem.
1441 2262 1500 2307 ph.
1521 2262 1621 2295 Erl.I

64 2324 97 2357 p.
118 2314 207 2349 424.
251 2315 373 2360 Atque
392 2315 547 2359 primum
568 2315 713 2360 quidem
734 2324 904 2349 enumero
923 2314 1039 2355 locos,
1070 2315 1135 2349 ubi
1153 2315 1298 2350 notioni
1325 2316 1468 2360 generis
1488 2326 1621 2350 nomen

64 2369 248 2414 proprium
278 2369 382 2404 addit
408 2369 630 2415 Propertius,
662 2371 718 2404 ut:
747 2368 779 2404 II
803 2368 862 2410 10,
889 2368 953 2404 13:
982 2369 1143 2415 equitem
1171 2370 1407 2413 Parthorum:
1438 2369 1505 2405 26:
1533 2369 1621 2404 Per-

64 2424 176 2458 messi
203 2423 355 2458 flumine
385 2422 419 2470 (i.
440 2435 469 2460 e.
495 2424 726 2459 Permessum
753 2422 913 2468 flumen).
960 2423 1008 2457 111
1031 2424 1066 2464 9,
1089 2424 1156 2459 25:
1186 2425 1373 2459 Medorum
1393 2436 1457 2470 per
1475 2424 1619 2465 hostes;

63 2476 238 2513 sortasse:
259 2478 308 2512 III
328 2478 387 2519 11,
403 2478 470 2512 51:
490 2478 647 2513 flumina
664 2477 752 2518 Nili;
781 2477 847 2514 16,
870 2477 906 2512 1:
926 2476 1087 2513 Hadriae
1107 2489 1207 2513 mare
1228 2479 1386 2525 (nomine
1409 2475 1617 2526 „Hadriae“

63 2532 195 2566 meton.
225 2534 381 2567 utuntur
409 2543 474 2577 pro
504 2533 596 2567 mari
624 2531 852 2567 Hadriatico:
890 2531 1006 2566 Varro
1040 2534 1110 2567 sat.
1139 2533 1232 2578 Men.
1261 2533 1357 2575 4213
1395 2533 1480 2568 Hor.
1510 2543 1620 2567 carm.

63 2582 78 2616 I
99 2584 134 2624 3,
152 2584 216 2631 153
245 2585 337 2619 Plin.
359 2586 394 2626 3,
412 2585 502 2626 119;
533 2586 616 2620 Tac.
637 2586 670 2622 h.
692 2585 726 2625 3,
753 2585 800 2619 12
830 2587 867 2618 et
893 2584 971 2631 42).
1027 2586 1202 2621 Fortasse
1230 2587 1289 2620 his
1317 2587 1514 2631 adiungere
1534 2585 1621 2620 licet

62 2636 181 2674 locos:
210 2639 225 2674 Ι
250 2639 308 2681 18,
332 2639 372 2675 2;
402 2639 557 2686 Zephyri
579 2650 686 2682 aura;
725 2638 840 2680 1126,
863 2638 929 2674 48:
969 2639 1106 2676 Lernae
1135 2641 1259 2686 palus;
1294 2641 1344 2676 IV
1367 2640 1398 2682 1,
1422 2640 1488 2676 83:
1517 2634 1618 2676 Iovis

63 2692 193 2727 stellas
221 2693 440 2739 Martisque:
480 2694 547 2728 84:
587 2694 735 2729 Saturni
773 2693 886 2727 sidus.
935 2694 967 2727 ΙΙ
992 2694 1052 2735 10,
1079 2695 1143 2732 16;
1172 2695 1303 2730 domus
1323 2695 1492 2729 Arabiae.
1541 2695 1619 2729 Iam
