1896 3179
812 120 1082 159 -15—

163 228 378 277 praeferunt
415 228 579 263 Bahrens
618 231 656 264 et
694 229 901 271 Rothstein‚
943 241 961 265 e
1000 231 1212 266 coniectura
1250 230 1385 277 Guyeti
1419 227 1635 279 scribitur]).
1674 250 1726 256 —

163 285 200 320 C.
227 284 265 319 F.
290 282 349 318 W.
373 282 549 323 Mfiller,
591 283 734 330 Syntax
777 284 841 320 des
883 284 1117 321 Nominativs
1160 298 1196 322 u.
1225 286 1450 320 Accusativs
1494 285 1542 319 im
1585 285 1725 320 Latein.

158 338 312 383 Leipzig
335 336 448 378 1908,
479 349 514 382 p.
533 338 565 372 1.

295 391 430 426 Contra
458 393 582 427 autem
611 403 635 426 a
661 392 793 438 priscis
823 394 860 428 et
887 394 1104 439 posterioris
1133 394 1271 429 aetatis
1300 394 1543 439 scriptoribus
1572 393 1725 438 saepius

204 447 308 482 erba
335 446 654 490 impersonalia
681 457 758 491 pro
787 448 1104 492 personalibus
1131 450 1419 493 usurpantur.
1459 447 1724 482 cf.Schmalz

164 513 199 548 p.
223 500 312 535 218.
346 499 391 534 15
422 499 505 534 adn.
526 500 566 547 33
594 500 709 546 Leky
734 511 767 547 p.
788 501 824 542 9,
847 501 910 547 qui
930 502 1179 548 compluribus
1199 502 1375 547 exemplis
1395 503 1618 537 comicorum
1634 512 1724 547 poe-

162 559 283 591 tarum
311 565 422 589 usum
449 553 611 589 illustrat
638 566 682 589 ac
710 556 874 590 conferre
902 556 1006 591 iubet
1032 556 1198 591 Lorenz
1218 557 1265 591 ad
1284 556 1393 591 Most.
1418 556 1535 597 1165;
1560 556 1723 590 Holtze

164 610 179 644 I
200 609 268 650 22;
297 628 350 633 —
369 608 491 653 Prop.
512 608 559 642 IV
576 609 607 649 1,
625 609 695 644 74:
722 609 847 654 poscis
867 611 982 645 verba
1000 610 1207 655 pigenda;
1239 609 1287 644 IV
1299 610 1335 651 4,
1354 609 1421 645 36:
1441 609 1569 645 valeat
1588 611 1722 655 probro

164 663 282 698 Vesta
306 662 509 708 pudenda
528 673 624 705 meo;
654 662 703 698 IV
722 663 758 701 8.
781 663 848 698 26:
878 664 1001 698 vincet
1028 664 1145 698 barba
1164 664 1350 708 pudenda;
1380 664 1489 708 apud.
1510 664 1579 698 Cic.
1600 664 1722 699 solum

162 717 389 763 gerundium,
417 726 490 751 non
517 716 757 761 gerundivum
785 717 980 758 invenitur,
1011 720 1055 751 ut
1082 717 1182 751 Brut.
1208 716 1298 758 1883
1334 717 1378 751 cf.
1407 717 1609 762 Merguet
1636 717 1721 752 Lex.

164 771 414 806 Gerundivum
457 769 559 805 verbi
607 770 768 816 pudendi
813 770 994 805 interdum
1033 771 1132 816 apud
1170 770 1266 805 alios
1304 781 1452 816 quoque
1490 773 1622 816 poetas
1665 771 1722 805 in-

164 825 321 866 venitur,
353 824 396 859 cf.
425 824 617 870 Draeger
643 822 685 858 12
708 824 799 866 167;
829 824 1051 870 Preising,
1088 825 1132 859 de
1161 824 1197 859 L.
1218 825 1362 859 Annaei
1396 825 1557 860 Senecae
1591 827 1722 871 poetae

163 878 295 924 tragici
333 889 487 914 casuum
526 890 599 915 usu
636 880 782 916 ratione
810 879 1046 924 potissimum
1074 879 1204 914 habita
1222 879 1382 923 Vergilii.
1415 879 1543 919 Ovidii,
1574 880 1722 915 Lucani.

158 934 257 968 diss.
286 933 445 967 Monast.
480 933 592 974 1891,
623 944 659 979 p.
688 934 727 976 3,
769 934 833 979 qui
871 933 1052 968 eiusmodi
1090 933 1194 967 locos
1224 945 1243 966 e
1274 933 1416 968 Seneca
1443 933 1582 978 profert
1609 937 1722 978 atque

164 987 328 1022 affirmat
354 987 446 1022 idem
477 989 627 1033 saepius
655 987 813 1023 inveniri
842 987 941 1033 apud
972 987 1152 1027 Ovidium,
1184 997 1267 1022 raro
1297 987 1397 1031 apud
1417 987 1628 1031 Vergilium.
1676 988 1720 1022 cf.

164 1042 275 1081 Hau,
313 1042 357 1075 de
386 1051 539 1076 casuum
567 1052 640 1076 usu
669 1041 860 1080 ovidiano‚
890 1041 1049 1075 Monast.
1074 1040 1176 1075 1884
1206 1052 1239 1085 p.
1262 1042 1296 1076 7.
1345 1040 1380 1075 C.
1400 1040 1437 1074 F.
1457 1040 1515 1075 W.
1544 1040 1720 1079 Mffller.

164 1095 267 1141 Synt.
302 1106 335 1141 p.
360 1095 445 1130 131.
483 1115 535 1120 ——
571 1096 678 1142 Prop.
703 1095 752 1130 IV
774 1095 809 1137 8,
833 1094 899 1130 52:
920 1121 928 1129 .
949 1122 956 1129 .
979 1121 986 1129 .
1015 1094 1215 1129 furibunda
1244 1094 1431 1136 decens;
1471 1095 1571 1141 quod
1605 1096 1723 1140 parti-

164 1149 299 1195 cipium
337 1150 488 1194 saepius
526 1151 626 1195 apud
654 1149 821 1185 Ovidium
851 1151 888 1184 et
915 1149 1140 1194 posteriores
1169 1149 1364 1183 invenitur.
1411 1150 1462 1183 At
1490 1149 1723 1193 participium

167 1203 326 1250 „licens“
361 1202 477 1249 (Prop.
499 1203 547 1238 IV
570 1204 602 1245 1,
628 1204 696 1239 26:
724 1203 821 1238 unde
849 1202 963 1237 licens
992 1202 1129 1238 Fabius
1159 1213 1268 1237 sacra
1287 1202 1474 1248 Lupercus
1494 1202 1629 1250 habet)
1649 1203 1724 1239 nisi

159 1258 262 1303 apud
290 1258 511 1303 posteriores
540 1269 615 1294 non
642 1258 836 1294 iuvenitur.
883 1257 927 1292 cf.
948 1257 1030 1293 Sen.
1051 1258 1131 1292 ben.
1153 1258 1188 1298 7,
1212 1258 1246 1298 7,
1270 1258 1309 1298 3;
1340 1278 1391 1282 ——
1412 1258 1461 1292 IV
1480 1258 1512 1298 1,
1531 1258 1598 1292 98:
1627 1258 1723 1292 fides

161 1312 325 1357 contigit.
364 1312 585 1347 Insolentior
603 1314 724 1347 autem
746 1314 805 1346 est
822 1312 882 1346 hic
901 1311 1024 1348 locus:
1053 1311 1085 1345 11
1106 1311 1137 1351 1,
1160 1311 1228 1346 41;
1256 1322 1324 1346 nec
1339 1322 1422 1346 mea
1441 1311 1725 1347 conveniunt

163 1366 253 1401 duro
273 1366 486 1412 praecordia
504 1377 638 1402 versu.
655 1393 662 1402 .
680 1396 687 1403 .
717 1366 871 1402 condere
892 1393 899 1401 .
922 1393 929 1401 .
950 1392 958 1401 .
985 1364 1062 1411 (pro
1082 1365 1158 1400 his:
1184 1366 1274 1400 meis
1292 1366 1466 1401 convenit
1480 1366 1719 1411 praecordiis:

164 1421 207 1455 cf.
228 1421 446 1467 Rothstein).

295 1475 329 1510 6.
358 1475 551 1510 Praeterea
577 1475 713 1509 tertia
741 1473 931 1520 pluralis
961 1473 1126 1508 numeri
1152 1484 1342 1519 persona
1361 1474 1513 1519 saepius
1533 1474 1722 1510 invenitur

164 1529 369 1564 subiecto
398 1540 482 1564 non
513 1529 682 1569 addito,
718 1529 783 1563 ubi
811 1528 1025 1573 supplemus
1059 1528 1287 1569 „homines¹‘;
1317 1529 1416 1573 apud
1446 1529 1655 1564 Ciceronem
1685 1531 1722 1564 et

159 1583 325 1628 optimos
345 1583 541 1629 scriptores
561 1583 615 1618 ita
628 1585 856 1628 usurpantur
866 1583 996 1617 verba:
1019 1582 1179 1629 „dicunt,
1200 1582 1332 1620 ferunt,
1354 1584 1517 1623 narrant,
1539 1583 1715 1617 tradunt“

164 1637 221 1681 (cf.
243 1637 445 1672 Schmalz
474 1649 509 1683 p.
531 1637 620 1678 218,
647 1637 723 1683 16);
752 1636 964 1681 Propertius
994 1638 1117 1670 autem
1147 1636 1348 1670 liberiorem
1377 1636 1490 1671 habet
1509 1647 1629 1677 usum,
1660 1639 1718 1671 ut:

165 1691 177 1725 Ι
201 1694 235 1728 7.
261 1691 325 1725 11:
355 1702 411 1725 me
440 1692 607 1732 laudent;
637 1691 669 1725 II
691 1690 753 1731 20,
776 1690 820 1725 9:
850 1700 906 1724 me
933 1690 1020 1724 licet
1047 1690 1269 1734 astringant;
1299 1690 1412 1730 1126,
1436 1690 1504 1725 21:
1534 1701 1631 1724 nunc
1651 1691 1719 1725 ad-

166 1745 350 1786 mirantum
388 1745 491 1785 1119,
515 1745 582 1779 46:
622 1755 678 1779 me
708 1745 816 1779 deum
845 1744 1003 1778 clament
1031 1745 1068 1777 et
1095 1743 1182 1777 mihi
1211 1754 1319 1777 sacra
1345 1743 1482 1785 ferant;
1521 1743 1569 1778 IV
1594 1744 1626 1784 1,
1654 1744 1718 1778 19:

162 1798 346 1833 celebrare
366 1825 374 1832 .
395 1825 403 1834 .
424 1810 451 1841 .;
482 1798 550 1836 28:
579 1798 785 1833 miscebant
804 1826 812 1833 .
833 1825 840 1833 .
861 1808 888 1838 .;
919 1796 989 1832 81:
1017 1797 1132 1831 fecere
1153 1825 1160 1832 .
1181 1823 1189 1831 .
1210 1808 1240 1838 .;
1268 1797 1315 1831 IV
1336 1797 1371 1837 6,
1395 1797 1463 1833 45;
1493 1797 1633 1833 audent
1652 1824 1659 1832 .
1682 1824 1688 1832 .
1711 1825 1718 1833 .

294 1854 328 1889 7.
356 1852 642 1899 Nonnumquam
661 1852 767 1898 Prop.
788 1852 983 1887 dictionem
1002 1851 1189 1897 vulgarem
1209 1853 1361 1886 secutus
1381 1852 1640 1887 subiectum
1659 1853 1720 1889 vel

165 1907 387 1942 obiectum
423 1908 588 1953 repetit
630 1918 675 1942 ac
718 1906 846 1941 scribit
882 1907 1148 1951 pronomina
1185 1906 1556 1941 demonstrativa.
1590 1926 1645 1931 —
1674 1907 1718 1942 cf.

158 1961 368 1996 ‘Schmalz
397 1972 431 2007 p.
453 1962 543 2003 218,
569 1961 629 2003 17,
661 1960 724 2007 qui
752 1959 930 1996 nonnulla
958 1960 1094 2006 profert
1121 1959 1289 2005 exempla
1308 1959 1442 2006 (Plaut.
1461 1960 1573 1996 Poen.
1599 1960 1719 1998 1069:

163 2017 267 2061 pater
293 2018 381 2052 tuos
410 2017 443 2052 is
464 2018 545 2052 erat
562 2016 676 2051 frater
694 2015 872 2062 patruelis
892 2025 1011 2056 meus,
1040 2014 1129 2049 Vitr.
1154 2014 1241 2055 157,
1264 2015 1304 2056 93
1334 2015 1405 2050 Cic.
1424 2015 1513 2050 fam.
1534 2017 1569 2056 7,
1589 2016 1651 2054 26.
1670 2016 1720 2060 2).

163 2070 358 2115 Draeger
385 2070 424 2105 1²
449 2071 500 2106 83
530 2071 643 2106 habet
671 2070 839 2115 exempla
867 2080 886 2103 e
911 2069 979 2104 Cic.
1006 2079 1084 2114 epp.
1106 2070 1143 2103 et
1167 2068 1289 2109 Livio;
1329 2069 1374 2104 cf.
1393 2069 1510 2115 Leky
1539 2081 1573 2115 p.
1599 2070 1646 2104 10
1676 2070 1720 2105 de

162 2124 293 2170 Apulei
332 2126 369 2160 et
405 2125 609 2171 priscorum
648 2135 738 2166 usu:
781 2123 884 2159 Brix
921 2123 969 2158 ad
1006 2122 1101 2158 Trin.
1132 2122 1226 2164 328;
1269 2123 1362 2159 Lor.
1392 2124 1440 2158 ad
1469 2124 1602 2160 Pseud.
1624 2124 1719 2167 506;

162 2178 317 2214 Holtze
345 2179 470 2221 1357,
497 2180 560 2221 12;
599 2179 795 2224 Lindsay
822 2189 856 2223 p.
877 2178 943 2218 47;
979 2177 1022 2211 cf.
1043 2179 1247 2221 praeterea:
1281 2177 1524 2222 Landgraf,
1556 2178 1719 2214 Bemerk.

161 2243 244 2267 zum
277 2244 396 2268 sermo
427 2234 638 2269 cotidianus
667 2233 704 2267 in
733 2233 802 2267 den
827 2231 969 2267 Briefen
990 2231 1134 2266 Ciceros
1159 2242 1195 2266 u.
1216 2242 1265 2266 an
1285 2231 1421 2273 Cicero,
1442 2232 1480 2267 in
1500 2233 1554 2267 Bl.
1573 2233 1597 2267 f.
1618 2233 1719 2278 bayr.

155 2286 448 2332 Gymnasialsw.
474 2287 585 2328 1880,
613 2287 660 2322 16
689 2297 722 2332 p.
744 2286 821 2322 323
834 2297 887 2331 sq.
929 2285 1083 2325 Kraut.
1114 2279 1211 2320 Uber
1240 2286 1309 2321 das
1328 2286 1480 2331 vulgare
1499 2287 1663 2322 Element
1681 2287 1719 2322 in

162 2341 194 2375 d.
211 2342 372 2387 Sprache
393 2343 458 2377 des
475 2342 628 2382 Sallust,
650 2341 880 2376 Blaubeuren
904 2340 1017 2380 1881,
1039 2350 1072 2383 p.
1088 2339 1146 2374 10.
1167 2340 1294 2386 Aeque
1314 2343 1426 2386 atque
1438 2341 1492 2375 illi
1506 2341 1718 2386 Propertius

163 2395 304 2431 scribit:
333 2396 382 2430 IV
398 2396 433 2437 7,
452 2396 519 2431 75:
545 2395 769 2441 deIIciaeque
789 2405 890 2429 meae
910 2393 1074 2434 Latris,
1097 2394 1156 2428 cui
1171 2420 1179 2429 .
1196 2421 1204 2429 .
1221 2421 1229 2429 .
1242 2422 1250 2434 ,
1281 2405 1327 2430 ne
1348 2395 1537 2441 speculum
1557 2395 1719 2441 porrigat

162 2448 265 2485 illa.
283 2461 325 2492 ..ς
355 2450 404 2485 IV
424 2451 460 2492 2,
479 2451 546 2486 45:
575 2461 642 2485 nec
660 2450 750 2485 flos
770 2449 866 2484 ullus
886 2448 965 2483 hiat
982 2448 1111 2493 pratis,
1134 2449 1252 2494 quin
1270 2449 1360 2484 ille
1377 2477 1385 2484 .
1403 2476 1410 2485 .
1426 2478 1434 2486 .
1455 2450 1640 2495 langueat.
1666 2470 1716 2474 —

162 2503 355 2539 Praeterea
382 2505 421 2539 in
449 2505 653 2549 posteriore
683 2503 867 2539 sententia
890 2502 1021 2547 prioris
1041 2503 1250 2538 sententiae
1270 2504 1508 2538 coordinatae
1528 2504 1621 2539 subi.
1661 2514 1718 2537 re-

162 2557 254 2601 petit
282 2559 521 2603 pleonastice,
553 2560 610 2594 ut:
649 2557 852 2598 1129,·15:
881 2567 994 2602 quae
1022 2567 1106 2591 cnm
1136 2557 1292 2593 solverit
1312 2585 1320 2593 .
1341 2585 1349 2593 .
1370 2585 1378 2593 .
1409 2560 1606 2603 atque...
1639 2557 1718 2592 illa

162 2613 325 2647 moverit.
354 2614 370 2647 1
394 2614 454 2653 15,
481 2613 544 2647 11;
584 2613 667 2647 illa
701 2613 847 2647 sederat
866 2637 873 2644 .
895 2637 902 2644 .
923 2636 931 2644 .
961 2612 999 2644 et
1027 2611 1179 2646 dolebat
1207 2612 1345 2646 illa..
1368 2623 1398 2652 .;
1441 2612 1456 2646 I
1480 2612 1511 2652 1,
1539 2612 1601 2648 11:
1631 2622 1717 2645 nam

161 2665 269 2700 modo
289 2677 438 2701 amens
459 2667 606 2701 errabat
620 2693 647 2703 ..
664 2694 684 2714 .‚
718 2666 798 2700 ibat
812 2666 849 2699 et
866 2664 943 2698 ille
959 2690 967 2698 .
984 2691 992 2699 .
1008 2691 1040 2706 .‚
1071 2665 1150 2700 ille
1171 2665 1302 2701 etiam.
1319 2693 1326 2700 .
1345 2693 1352 2701 .
1373 2665 1572 2710 ingemuit.
1589 2692 1597 2700 .
1614 2676 1632 2706 .;
1666 2686 1718 2691 —

160 2718 239 2760 Ax,
271 2720 315 2755 de
344 2732 448 2756 anac.
478 2721 598 2758 Plaut.
617 2721 695 2756 Ter.
716 2731 749 2765 p.
770 2719 820 2754 22
850 2717 1022 2764 (quocum
1051 2719 1153 2754 haud
1182 2720 1259 2755 scio
1290 2731 1339 2754 an
1368 2731 1579 2765 comparare
1608 2720 1718 2755 liceat
